<?xml version="1.0" encoding="UTF-8"?>
<!DOCTYPE html PUBLIC "-//W3C//DTD XHTML 1.0 Transitional//EN"
    "http://www.w3.org/TR/xhtml1/DTD/xhtml1-transitional.dtd">
<html xmlns="http://www.w3.org/1999/xhtml" xml:lang="en" lang="en">
 <head>
  <title>
</title>
<meta http-equiv="Content-Type" content="text/html;charset=utf-8" />
  <meta name='ocr-system' content='tesseract 3.04.00' />
  <meta name='ocr-capabilities' content='ocr_page ocr_carea ocr_par ocr_line ocrx_word'/>
</head>
<body>
  <div class='ocr_page' id='page_1' title='image "./devieteffectibu00schugoog_0202.png"; bbox 0 0 2236 4184; ppageno 0'>
   <div class='ocr_carea' id='block_1_1' title="bbox 523 221 583 281">
    <p class='ocr_par' dir='ltr' id='par_1_1' title="bbox 523 221 583 281">
     <span class='ocr_line' id='line_1_1' title="bbox 523 221 583 281; baseline 0 0"><span class='ocrx_word' id='word_1_1' title='bbox 523 221 583 281; x_wconf 75' lang='lat'><strong>189</strong></span> 
     </span>
    </p>
   </div>
   <div class='ocr_carea' id='block_1_2' title="bbox 86 411 1057 3519">
    <p class='ocr_par' dir='ltr' id='par_1_2' title="bbox 93 411 1057 2791">
     <span class='ocr_line' id='line_1_2' title="bbox 93 411 1039 503; baseline -0.002 -30"><span class='ocrx_word' id='word_1_2' title='bbox 93 414 227 503; x_wconf 22' lang='lat' dir='ltr'><strong>*nomine</strong></span> <span class='ocrx_word' id='word_1_3' title='bbox 247 413 280 474; x_wconf 87' lang='lat' dir='ltr'><strong>id</strong></span> <span class='ocrx_word' id='word_1_4' title='bbox 304 419 464 491; x_wconf 86' lang='lat' dir='ltr'><strong>ornarent,</strong></span> <span class='ocrx_word' id='word_1_5' title='bbox 491 421 523 472; x_wconf 93' lang='lat' dir='ltr'><strong>et</strong></span> <span class='ocrx_word' id='word_1_6' title='bbox 544 415 636 472; x_wconf 77' lang='lat' dir='ltr'><strong>verba</strong></span> <span class='ocrx_word' id='word_1_7' title='bbox 658 412 831 491; x_wconf 76' lang='lat' dir='ltr'><strong>regenerari</strong></span> <span class='ocrx_word' id='word_1_8' title='bbox 853 419 886 471; x_wconf 86' lang='lat' dir='ltr'><strong>et</strong></span> <span class='ocrx_word' id='word_1_9' title='bbox 906 412 1007 495; x_wconf 86' lang='lat' dir='ltr'><strong>bapti·</strong></span> <span class='ocrx_word' id='word_1_10' title='bbox 1038 411 1039 414; x_wconf 70' lang='grc'>’</span> 
     </span>
     <span class='ocr_line' id='line_1_3' title="bbox 98 516 1008 598; baseline -0.002 -21"><span class='ocrx_word' id='word_1_11' title='bbox 98 520 167 579; x_wconf 83' lang='lat' dir='ltr'><strong>aari</strong></span> <span class='ocrx_word' id='word_1_12' title='bbox 188 520 317 587; x_wconf 83' lang='lat' dir='ltr'><strong>eandem</strong></span> <span class='ocrx_word' id='word_1_13' title='bbox 340 519 431 598; x_wconf 83' lang='lat' dir='ltr'><strong>plane</strong></span> <span class='ocrx_word' id='word_1_14' title='bbox 452 518 511 577; x_wconf 85' lang='lat' dir='ltr'><strong>vim</strong></span> <span class='ocrx_word' id='word_1_15' title='bbox 529 517 644 577; x_wconf 86' lang='lat' dir='ltr'><strong>habere</strong></span> <span class='ocrx_word' id='word_1_16' title='bbox 660 516 827 589; x_wconf 88' lang='lat' dir='ltr'><strong>sentirent;</strong></span> <span class='ocrx_word' id='word_1_17' title='bbox 849 535 1008 595; x_wconf 35' lang='lat' dir='ltr'><strong>qnaencon·</strong></span> 
     </span>
     <span class='ocr_line' id='line_1_4' title="bbox 94 601 1008 705; baseline -0.003 -22"><span class='ocrx_word' id='word_1_18' title='bbox 94 625 223 705; x_wconf 83' lang='lat' dir='ltr'><strong>jectura</strong></span> <span class='ocrx_word' id='word_1_19' title='bbox 253 601 400 703; x_wconf 59' lang='lat' dir='ltr'><strong>Cypriani</strong></span> <span class='ocrx_word' id='word_1_20' title='bbox 432 622 573 702; x_wconf 82' lang='lat' dir='ltr'><strong>exemplo</strong></span> <span class='ocrx_word' id='word_1_21' title='bbox 603 614 769 681; x_wconf 85' lang='lat' dir='ltr'><strong>firmatur¹.</strong></span> <span class='ocrx_word' id='word_1_22' title='bbox 800 608 899 681; x_wconf 52' lang='lat' dir='ltr'><strong>&#39;Huc&#39;</strong></span> <span class='ocrx_word' id='word_1_23' title='bbox 916 622 1008 681; x_wconf 87' lang='lat' dir='ltr'><strong>etiam</strong></span> 
     </span>
     <span class='ocr_line' id='line_1_5' title="bbox 101 718 1008 809; baseline -0.002 -20"><span class='ocrx_word' id='word_1_24' title='bbox 101 729 240 803; x_wconf 85' lang='lat' dir='ltr'><strong>accedit,</strong></span> <span class='ocrx_word' id='word_1_25' title='bbox 265 727 364 809; x_wconf 83' lang='lat' dir='ltr'><strong>quod,</strong></span> <span class='ocrx_word' id='word_1_26' title='bbox 392 746 484 806; x_wconf 89' lang='lat' dir='ltr'><strong>quum</strong></span> <span class='ocrx_word' id='word_1_27' title='bbox 508 718 637 805; x_wconf 83' lang='lat' dir='ltr'><strong>primum</strong></span> <span class='ocrx_word' id='word_1_28' title='bbox 658 726 886 803; x_wconf 84' lang='lat' dir='ltr'><strong>animieorum</strong></span> <span class='ocrx_word' id='word_1_29' title='bbox 901 726 940 786; x_wconf 89' lang='lat' dir='ltr'><strong>ad</strong></span> <span class='ocrx_word' id='word_1_30' title='bbox 960 722 1008 787; x_wconf 91' lang='lat' dir='ltr'><strong>in-</strong></span> 
     </span>
     <span class='ocr_line' id='line_1_6' title="bbox 95 822 1010 907; baseline -0.002 -15"><span class='ocrx_word' id='word_1_31' title='bbox 95 833 191 903; x_wconf 80' lang='lat' dir='ltr'><strong>terni.</strong></span> <span class='ocrx_word' id='word_1_32' title='bbox 207 852 277 894; x_wconf 90' lang='lat' dir='ltr'><strong>cum</strong></span> <span class='ocrx_word' id='word_1_33' title='bbox 298 830 661 907; x_wconf 81' lang='lat' dir='ltr'><strong>externooonlusionem</strong></span> <span class='ocrx_word' id='word_1_34' title='bbox 683 822 885 903; x_wconf 77' lang='lat' dir='ltr'><strong>inclinarunt,</strong></span> <span class='ocrx_word' id='word_1_35' title='bbox 914 832 1010 893; x_wconf 87' lang='lat' dir='ltr'><strong>multa</strong></span> 
     </span>
     <span class='ocr_line' id='line_1_7' title="bbox 101 934 1010 1019; baseline -0.002 -24"><span class='ocrx_word' id='word_1_36' title='bbox 101 955 199 999; x_wconf 83' lang='lat' dir='ltr'><strong>sacrae</strong></span> <span class='ocrx_word' id='word_1_37' title='bbox 221 938 381 1017; x_wconf 64' lang='lat' dir='ltr'><strong>scripturos</strong></span> <span class='ocrx_word' id='word_1_38' title='bbox 403 935 513 1010; x_wconf 80' lang='lat' dir='ltr'><strong>effata,</strong></span> <span class='ocrx_word' id='word_1_39' title='bbox 546 955 613 1013; x_wconf 85' lang='lat' dir='ltr'><strong>quae</strong></span> <span class='ocrx_word' id='word_1_40' title='bbox 641 934 680 993; x_wconf 90' lang='lat' dir='ltr'><strong>de</strong></span> <span class='ocrx_word' id='word_1_41' title='bbox 704 936 939 1012; x_wconf 76' lang='lat' dir='ltr'><strong>regen-eratione</strong></span> <span class='ocrx_word' id='word_1_42' title='bbox 961 936 1010 1019; x_wconf 78' lang='lat' dir='ltr'><strong>rel</strong></span> 
     </span>
     <span class='ocr_line' id='line_1_8' title="bbox 101 1028 1010 1120; baseline 0 -21"><span class='ocrx_word' id='word_1_43' title='bbox 101 1041 243 1120; x_wconf 83' lang='lat' dir='ltr'><strong>perfecta</strong></span> <span class='ocrx_word' id='word_1_44' title='bbox 257 1041 403 1120; x_wconf 76' lang='lat' dir='ltr'><strong>baptismi</strong></span> <span class='ocrx_word' id='word_1_45' title='bbox 419 1041 489 1101; x_wconf 82' lang='lat' dir='ltr'><strong>idea</strong></span> <span class='ocrx_word' id='word_1_46' title='bbox 501 1046 606 1118; x_wconf 76' lang='lat' dir='ltr'><strong>aguirt,</strong></span> <span class='ocrx_word' id='word_1_47' title='bbox 627 1038 775 1098; x_wconf 80' lang='lat' dir='ltr'><strong>facillime</strong></span> <span class='ocrx_word' id='word_1_48' title='bbox 798 1041 835 1098; x_wconf 91' lang='lat' dir='ltr'><strong>ab</strong></span> <span class='ocrx_word' id='word_1_49' title='bbox 857 1038 896 1099; x_wconf 85' lang='lat' dir='ltr'><strong>ils</strong></span> <span class='ocrx_word' id='word_1_50' title='bbox 918 1028 1010 1119; x_wconf 82' lang='lat' dir='ltr'><strong>prave</strong></span> 
     </span>
     <span class='ocr_line' id='line_1_9' title="bbox 100 1144 1010 1229; baseline -0.002 -24"><span class='ocrx_word' id='word_1_51' title='bbox 100 1145 234 1229; x_wconf 76' lang='lat' dir='ltr'><strong>intelligi</strong></span> <span class='ocrx_word' id='word_1_52' title='bbox 257 1151 441 1225; x_wconf 88' lang='lat' dir='ltr'><strong>potuerant,</strong></span> <span class='ocrx_word' id='word_1_53' title='bbox 463 1144 545 1204; x_wconf 78' lang='lat' dir='ltr'><strong>atsi</strong></span> <span class='ocrx_word' id='word_1_54' title='bbox 567 1152 724 1202; x_wconf 82' lang='lat' dir='ltr'><strong>externum</strong></span> <span class='ocrx_word' id='word_1_55' title='bbox 741 1144 890 1220; x_wconf 87' lang='lat' dir='ltr'><strong>baptisma</strong></span> <span class='ocrx_word' id='word_1_56' title='bbox 911 1145 1010 1223; x_wconf 88' lang='lat' dir='ltr'><strong>respi-</strong></span> 
     </span>
     <span class='ocr_line' id='line_1_10' title="bbox 102 1236 1010 1327; baseline 0 -19"><span class='ocrx_word' id='word_1_57' title='bbox 102 1256 225 1322; x_wconf 78' lang='lat' dir='ltr'><strong>cerent3</strong></span> <span class='ocrx_word' id='word_1_58' title='bbox 264 1251 346 1310; x_wconf 86' lang='lat' dir='ltr'><strong>aiant</strong></span> <span class='ocrx_word' id='word_1_59' title='bbox 376 1269 411 1310; x_wconf 88' lang='lat' dir='ltr'><strong>re</strong></span> <span class='ocrx_word' id='word_1_60' title='bbox 442 1270 512 1309; x_wconf 82' lang='lat' dir='ltr'><strong>vera</strong></span> <span class='ocrx_word' id='word_1_61' title='bbox 543 1236 713 1323; x_wconf 81' lang='lat' dir='ltr'><strong>lustinum,</strong></span> <span class='ocrx_word' id='word_1_62' title='bbox 750 1245 1010 1327; x_wconf 83' lang='lat' dir='ltr'><strong>Recognitionum</strong></span> 
     </span>
     <span class='ocr_line' id='line_1_11' title="bbox 101 1353 1057 1433; baseline 0 -21"><span class='ocrx_word' id='word_1_63' title='bbox 101 1361 270 1428; x_wconf 80' lang='lat' dir='ltr'><strong>auctorem,</strong></span> <span class='ocrx_word' id='word_1_64' title='bbox 293 1355 531 1428; x_wconf 76' lang='lat' dir='ltr'><strong>Tertullianum,</strong></span> <span class='ocrx_word' id='word_1_65' title='bbox 555 1353 740 1433; x_wconf 76' lang='lat' dir='ltr'><strong>cyprianum</strong></span> <span class='ocrx_word' id='word_1_66' title='bbox 761 1354 937 1432; x_wconf 78' lang='lat' dir='ltr'><strong>gravissima</strong></span> <span class='ocrx_word' id='word_1_67' title='bbox 957 1353 1012 1413; x_wconf 88' lang='lat' dir='ltr'><strong>illa</strong></span> <span class='ocrx_word' id='word_1_68' title='bbox 1053 1369 1057 1377; x_wconf 86' lang='lat'>·</span> 
     </span>
     <span class='ocr_line' id='line_1_12' title="bbox 103 1456 1010 1543; baseline -0.001 -26"><span class='ocrx_word' id='word_1_69' title='bbox 103 1456 221 1517; x_wconf 82' lang='lat' dir='ltr'><strong>Christi</strong></span> <span class='ocrx_word' id='word_1_70' title='bbox 242 1460 352 1543; x_wconf 74' lang='lat' dir='ltr'><strong>acrba,</strong></span> <span class='ocrx_word' id='word_1_71' title='bbox 374 1460 405 1519; x_wconf 91' lang='lat' dir='ltr'><strong>in</strong></span> <span class='ocrx_word' id='word_1_72' title='bbox 427 1459 585 1537; x_wconf 80' lang='lat' dir='ltr'><strong>evangelio</strong></span> <span class='ocrx_word' id='word_1_73' title='bbox 607 1458 677 1517; x_wconf 88' lang='lat' dir='ltr'><strong>Joh.</strong></span> <span class='ocrx_word' id='word_1_74' title='bbox 701 1459 809 1536; x_wconf 64' lang='lat' dir='ltr'><strong>capii,</strong></span> <span class='ocrx_word' id='word_1_75' title='bbox 830 1476 926 1518; x_wconf 77' lang='lat' dir='ltr'><strong>versa.</strong></span> <span class='ocrx_word' id='word_1_76' title='bbox 939 1457 968 1516; x_wconf 83' lang='lat'><strong>3.</strong></span> <span class='ocrx_word' id='word_1_77' title='bbox 980 1456 1010 1516; x_wconf 79' lang='lat'><strong>5.</strong></span> 
     </span>
     <span class='ocr_line' id='line_1_13' title="bbox 103 1548 1011 1642; baseline 0 -21"><span class='ocrx_word' id='word_1_78' title='bbox 103 1561 212 1636; x_wconf 87' lang='lat' dir='ltr'><strong>allata,</strong></span> <span class='ocrx_word' id='word_1_79' title='bbox 233 1562 274 1621; x_wconf 78' lang='lat' dir='ltr'><strong>(le</strong></span> <span class='ocrx_word' id='word_1_80' title='bbox 296 1564 481 1641; x_wconf 78' lang='lat' dir='ltr'><strong>baptismate</strong></span> <span class='ocrx_word' id='word_1_81' title='bbox 500 1565 669 1642; x_wconf 68' lang='lat' dir='ltr'><strong>explicasse</strong></span> <span class='ocrx_word' id='word_1_82' title='bbox 690 1563 832 1625; x_wconf 77' lang='lat' dir='ltr'><strong>vidimus.</strong></span> <span class='ocrx_word' id='word_1_83' title='bbox 849 1595 887 1606; x_wconf 94' lang='lat'>-</span> <span class='ocrx_word' id='word_1_84' title='bbox 910 1548 1011 1640; x_wconf 78' lang='lat' dir='ltr'><strong>Quum</strong></span> 
     </span>
     <span class='ocr_line' id='line_1_14' title="bbox 101 1665 1011 1758; baseline 0.002 -33"><span class='ocrx_word' id='word_1_85' title='bbox 101 1665 198 1744; x_wconf 76' lang='lat' dir='ltr'><strong>igitur</strong></span> <span class='ocrx_word' id='word_1_86' title='bbox 217 1667 483 1751; x_wconf 75' lang='lat' dir='ltr'><strong>regenerationem</strong></span> <span class='ocrx_word' id='word_1_87' title='bbox 504 1687 572 1728; x_wconf 93' lang='lat' dir='ltr'><strong>cum</strong></span> <span class='ocrx_word' id='word_1_88' title='bbox 597 1668 750 1746; x_wconf 87' lang='lat' dir='ltr'><strong>baptismo</strong></span> <span class='ocrx_word' id='word_1_89' title='bbox 774 1667 1011 1758; x_wconf 76' lang='lat' dir='ltr'><strong>conlaudarent,</strong></span> 
     </span>
     <span class='ocr_line' id='line_1_15' title="bbox 102 1772 1012 1852; baseline 0.003 -23"><span class='ocrx_word' id='word_1_90' title='bbox 102 1787 204 1849; x_wconf 88' lang='lat' dir='ltr'><strong>eoque</strong></span> <span class='ocrx_word' id='word_1_91' title='bbox 225 1772 294 1850; x_wconf 86' lang='lat' dir='ltr'><strong>ipso</strong></span> <span class='ocrx_word' id='word_1_92' title='bbox 316 1777 413 1832; x_wconf 86' lang='lat' dir='ltr'><strong>totam</strong></span> <span class='ocrx_word' id='word_1_93' title='bbox 440 1773 525 1831; x_wconf 84' lang='lat' dir='ltr'><strong>illius</strong></span> <span class='ocrx_word' id='word_1_94' title='bbox 547 1773 607 1832; x_wconf 86' lang='lat' dir='ltr'><strong>vim</strong></span> <span class='ocrx_word' id='word_1_95' title='bbox 635 1791 805 1850; x_wconf 86' lang='lat' dir='ltr'><strong>omnesque</strong></span> <span class='ocrx_word' id='word_1_96' title='bbox 827 1773 894 1852; x_wconf 89' lang='lat' dir='ltr'><strong>ejus</strong></span> <span class='ocrx_word' id='word_1_97' title='bbox 917 1773 1012 1832; x_wconf 80' lang='lat' dir='ltr'><strong>ellec-</strong></span> 
     </span>
     <span class='ocr_line' id='line_1_16' title="bbox 100 1875 1013 1956; baseline 0.003 -22"><span class='ocrx_word' id='word_1_98' title='bbox 100 1880 152 1935; x_wconf 85' lang='lat' dir='ltr'><strong>tua</strong></span> <span class='ocrx_word' id='word_1_99' title='bbox 183 1875 256 1937; x_wconf 80' lang='lat' dir='ltr'><strong>hiric</strong></span> <span class='ocrx_word' id='word_1_100' title='bbox 287 1875 515 1951; x_wconf 82' lang='lat' dir='ltr'><strong>adscriberent,</strong></span> <span class='ocrx_word' id='word_1_101' title='bbox 552 1876 785 1956; x_wconf 79' lang='lat' dir='ltr'><strong>superstitiosas</strong></span> <span class='ocrx_word' id='word_1_102' title='bbox 818 1876 859 1936; x_wconf 79' lang='lat' dir='ltr'><strong>tle</strong></span> <span class='ocrx_word' id='word_1_103' title='bbox 896 1877 1013 1956; x_wconf 81' lang='lat' dir='ltr'><strong>magica</strong></span> 
     </span>
     <span class='ocr_line' id='line_1_17' title="bbox 99 1970 1013 2060; baseline 0.007 -24"><span class='ocrx_word' id='word_1_104' title='bbox 99 1976 195 2057; x_wconf 76' lang='lat' dir='ltr'><strong>hujus</strong></span> <span class='ocrx_word' id='word_1_105' title='bbox 219 1979 247 2038; x_wconf 85' lang='lat' dir='ltr'><strong>vi</strong></span> <span class='ocrx_word' id='word_1_106' title='bbox 268 1979 355 2042; x_wconf 88' lang='lat' dir='ltr'><strong>ideas</strong></span> <span class='ocrx_word' id='word_1_107' title='bbox 377 1983 635 2060; x_wconf 70' lang='lat' dir='ltr'><strong>amplexarentur,</strong></span> <span class='ocrx_word' id='word_1_108' title='bbox 657 2000 787 2042; x_wconf 84' lang='lat' dir='ltr'><strong>necesse</strong></span> <span class='ocrx_word' id='word_1_109' title='bbox 805 1970 888 2054; x_wconf 79' lang='lat' dir='ltr'><strong>erat3</strong></span> <span class='ocrx_word' id='word_1_110' title='bbox 916 1983 1013 2042; x_wconf 88' lang='lat' dir='ltr'><strong>altera</strong></span> 
     </span>
     <span class='ocr_line' id='line_1_18' title="bbox 100 2085 1012 2166; baseline 0.002 -22"><span class='ocrx_word' id='word_1_111' title='bbox 100 2088 206 2144; x_wconf 85' lang='lat' dir='ltr'><strong>autem</strong></span> <span class='ocrx_word' id='word_1_112' title='bbox 226 2103 265 2145; x_wconf 82' lang='lat' dir='ltr'><strong>er</strong></span> <span class='ocrx_word' id='word_1_113' title='bbox 287 2093 375 2163; x_wconf 86' lang='lat' dir='ltr'><strong>parte</strong></span> <span class='ocrx_word' id='word_1_114' title='bbox 395 2086 502 2161; x_wconf 88' lang='lat' dir='ltr'><strong>iidem,</strong></span> <span class='ocrx_word' id='word_1_115' title='bbox 523 2106 596 2147; x_wconf 85' lang='lat' dir='ltr'><strong>vera</strong></span> <span class='ocrx_word' id='word_1_116' title='bbox 617 2085 809 2166; x_wconf 88' lang='lat' dir='ltr'><strong>poenitentia</strong></span> <span class='ocrx_word' id='word_1_117' title='bbox 825 2093 858 2146; x_wconf 89' lang='lat' dir='ltr'><strong>et</strong></span> <span class='ocrx_word' id='word_1_118' title='bbox 874 2085 937 2146; x_wconf 78' lang='lat' dir='ltr'><strong>flue</strong></span> <span class='ocrx_word' id='word_1_119' title='bbox 953 2087 1012 2146; x_wconf 88' lang='lat' dir='ltr'><strong>im-</strong></span> 
     </span>
     <span class='ocr_line' id='line_1_19' title="bbox 100 2186 1012 2271; baseline 0.003 -26"><span class='ocrx_word' id='word_1_120' title='bbox 100 2186 197 2266; x_wconf 85' lang='lat' dir='ltr'><strong>pleti,</strong></span> <span class='ocrx_word' id='word_1_121' title='bbox 217 2187 325 2248; x_wconf 88' lang='lat' dir='ltr'><strong>harum</strong></span> <span class='ocrx_word' id='word_1_122' title='bbox 346 2191 564 2251; x_wconf 87' lang='lat' dir='ltr'><strong>necessitatem</strong></span> <span class='ocrx_word' id='word_1_123' title='bbox 585 2191 623 2252; x_wconf 84' lang='lat' dir='ltr'><strong>ad</strong></span> <span class='ocrx_word' id='word_1_124' title='bbox 646 2191 777 2252; x_wconf 86' lang='lat' dir='ltr'><strong>salutem</strong></span> <span class='ocrx_word' id='word_1_125' title='bbox 799 2196 1012 2271; x_wconf 79' lang='lat' dir='ltr'><strong>agnoscerent,</strong></span> 
     </span>
     <span class='ocr_line' id='line_1_20' title="bbox 99 2294 1012 2374; baseline 0.001 -23"><span class='ocrx_word' id='word_1_126' title='bbox 99 2308 191 2370; x_wconf 78' lang='lat' dir='ltr'><strong>aeque</strong></span> <span class='ocrx_word' id='word_1_127' title='bbox 212 2299 437 2368; x_wconf 70' lang='lat' dir='ltr'><strong>accrescent,</strong></span> <span class='ocrx_word' id='word_1_128' title='bbox 458 2313 534 2374; x_wconf 80' lang='lat' dir='ltr'><strong>quas</strong></span> <span class='ocrx_word' id='word_1_129' title='bbox 555 2294 596 2354; x_wconf 89' lang='lat' dir='ltr'><strong>ob</strong></span> <span class='ocrx_word' id='word_1_130' title='bbox 618 2313 725 2355; x_wconf 87' lang='lat' dir='ltr'><strong>causas</strong></span> <span class='ocrx_word' id='word_1_131' title='bbox 747 2302 861 2355; x_wconf 91' lang='lat' dir='ltr'><strong>tantam</strong></span> <span class='ocrx_word' id='word_1_132' title='bbox 884 2301 1012 2355; x_wconf 88' lang='lat' dir='ltr'><strong>conten-</strong></span> 
     </span>
     <span class='ocr_line' id='line_1_21' title="bbox 101 2396 1012 2477; baseline 0.004 -24"><span class='ocrx_word' id='word_1_133' title='bbox 101 2396 220 2455; x_wconf 85' lang='lat' dir='ltr'><strong>tionem</strong></span> <span class='ocrx_word' id='word_1_134' title='bbox 241 2399 325 2457; x_wconf 89' lang='lat' dir='ltr'><strong>iater</strong></span> <span class='ocrx_word' id='word_1_135' title='bbox 344 2400 670 2470; x_wconf 78' lang='lat' dir='ltr'><strong>aeramChriatianam</strong></span> <span class='ocrx_word' id='word_1_136' title='bbox 693 2401 922 2473; x_wconf 86' lang='lat' dir='ltr'><strong>conscientiam,</strong></span> <span class='ocrx_word' id='word_1_137' title='bbox 944 2417 1012 2477; x_wconf 83' lang='lat' dir='ltr'><strong>quaa</strong></span> 
     </span>
     <span class='ocr_line' id='line_1_22' title="bbox 100 2500 1012 2582; baseline 0.001 -21"><span class='ocrx_word' id='word_1_138' title='bbox 100 2500 326 2578; x_wconf 82' lang='lat' dir='ltr'><strong>poenitentiam</strong></span> <span class='ocrx_word' id='word_1_139' title='bbox 347 2503 503 2582; x_wconf 83' lang='lat' dir='ltr'><strong>fidemque</strong></span> <span class='ocrx_word' id='word_1_140' title='bbox 524 2504 631 2564; x_wconf 82' lang='lat' dir='ltr'><strong>salutis</strong></span> <span class='ocrx_word' id='word_1_141' title='bbox 648 2503 824 2565; x_wconf 83' lang='lat' dir='ltr'><strong>effectrices</strong></span> <span class='ocrx_word' id='word_1_142' title='bbox 847 2522 918 2564; x_wconf 85' lang='lat' dir='ltr'><strong>esse</strong></span> <span class='ocrx_word' id='word_1_143' title='bbox 939 2521 1012 2563; x_wconf 87' lang='lat' dir='ltr'><strong>aen-</strong></span> 
     </span>
     <span class='ocr_line' id='line_1_23' title="bbox 101 2600 1012 2688; baseline 0.005 -26"><span class='ocrx_word' id='word_1_144' title='bbox 101 2604 188 2677; x_wconf 85' lang='lat' dir='ltr'><strong>tiret,</strong></span> <span class='ocrx_word' id='word_1_145' title='bbox 211 2612 243 2663; x_wconf 88' lang='lat' dir='ltr'><strong>et</strong></span> <span class='ocrx_word' id='word_1_146' title='bbox 262 2624 383 2683; x_wconf 86' lang='lat' dir='ltr'><strong>pravam</strong></span> <span class='ocrx_word' id='word_1_147' title='bbox 403 2608 565 2681; x_wconf 90' lang='lat' dir='ltr'><strong>rationem,</strong></span> <span class='ocrx_word' id='word_1_148' title='bbox 588 2629 655 2687; x_wconf 86' lang='lat' dir='ltr'><strong>quaa</strong></span> <span class='ocrx_word' id='word_1_149' title='bbox 675 2600 919 2688; x_wconf 76' lang='lat' dir='ltr'><strong>regenerationis</strong></span> <span class='ocrx_word' id='word_1_150' title='bbox 941 2627 1012 2686; x_wconf 84' lang='lat' dir='ltr'><strong>par-</strong></span> 
     </span>
     <span class='ocr_line' id='line_1_24' title="bbox 99 2708 900 2791; baseline 0.009 -24"><span class='ocrx_word' id='word_1_151' title='bbox 99 2712 150 2769; x_wconf 81' lang='lat' dir='ltr'><strong>tea</strong></span> <span class='ocrx_word' id='word_1_152' title='bbox 173 2708 328 2786; x_wconf 87' lang='lat' dir='ltr'><strong>baptismo</strong></span> <span class='ocrx_word' id='word_1_153' title='bbox 347 2712 516 2784; x_wconf 85' lang='lat' dir='ltr'><strong>tribueret,</strong></span> <span class='ocrx_word' id='word_1_154' title='bbox 538 2713 619 2791; x_wconf 87' lang='lat' dir='ltr'><strong>apud</strong></span> <span class='ocrx_word' id='word_1_155' title='bbox 641 2732 697 2774; x_wconf 89' lang='lat' dir='ltr'><strong>eos</strong></span> <span class='ocrx_word' id='word_1_156' title='bbox 718 2714 900 2774; x_wconf 82' lang='lat' dir='ltr'><strong>invenimus.</strong></span> 
     </span>
    </p>

    <p class='ocr_par' dir='ltr' id='par_1_3' title="bbox 86 2811 1015 3519">
     <span class='ocr_line' id='line_1_25' title="bbox 131 2811 1013 2898; baseline 0.001 -25"><span class='ocrx_word' id='word_1_157' title='bbox 131 2846 161 2875; x_wconf 78' lang='grc'><strong>,;,</strong></span> <span class='ocrx_word' id='word_1_158' title='bbox 185 2811 274 2873; x_wconf 86' lang='lat' dir='ltr'><strong>Hanc</strong></span> <span class='ocrx_word' id='word_1_159' title='bbox 296 2816 525 2877; x_wconf 87' lang='lat' dir='ltr'><strong>contentionem</strong></span> <span class='ocrx_word' id='word_1_160' title='bbox 547 2818 715 2898; x_wconf 77' lang='lat' dir='ltr'><strong>plerosque</strong></span> <span class='ocrx_word' id='word_1_161' title='bbox 743 2819 786 2877; x_wconf 91' lang='lat' dir='ltr'><strong>ita</strong></span> <span class='ocrx_word' id='word_1_162' title='bbox 812 2816 945 2878; x_wconf 85' lang='lat' dir='ltr'><strong>solvisse</strong></span> <span class='ocrx_word' id='word_1_163' title='bbox 967 2817 1013 2875; x_wconf 86' lang='lat' dir='ltr'><strong>ri-</strong></span> 
     </span>
     <span class='ocr_line' id='line_1_26' title="bbox 101 2914 1015 3001; baseline 0.005 -26"><span class='ocrx_word' id='word_1_164' title='bbox 101 2914 221 2991; x_wconf 87' lang='lat' dir='ltr'><strong>alimna,</strong></span> <span class='ocrx_word' id='word_1_165' title='bbox 253 2924 289 2977; x_wconf 89' lang='lat' dir='ltr'><strong>ut</strong></span> <span class='ocrx_word' id='word_1_166' title='bbox 309 2919 459 2998; x_wconf 85' lang='lat' dir='ltr'><strong>baptisma</strong></span> <span class='ocrx_word' id='word_1_167' title='bbox 483 2921 608 2998; x_wconf 77' lang='lat' dir='ltr'><strong>quidem</strong></span> <span class='ocrx_word' id='word_1_168' title='bbox 630 2922 669 2980; x_wconf 86' lang='lat' dir='ltr'><strong>ad</strong></span> <span class='ocrx_word' id='word_1_169' title='bbox 691 2921 959 3001; x_wconf 81' lang='lat' dir='ltr'><strong>regenerationem</strong></span> <span class='ocrx_word' id='word_1_170' title='bbox 980 2927 1015 2981; x_wconf 87' lang='lat' dir='ltr'><strong>et</strong></span> 
     </span>
     <span class='ocr_line' id='line_1_27' title="bbox 100 3019 1012 3098; baseline 0.008 -19"><span class='ocrx_word' id='word_1_171' title='bbox 100 3019 393 3089; x_wconf 72' lang='lat' dir='ltr'><strong>aalutem‘abaolute</strong></span> <span class='ocrx_word' id='word_1_172' title='bbox 409 3025 620 3083; x_wconf 76' lang='lat' dir='ltr'><strong>necessarium</strong></span> <span class='ocrx_word' id='word_1_173' title='bbox 633 3044 714 3098; x_wconf 86' lang='lat' dir='ltr'><strong>esse,</strong></span> <span class='ocrx_word' id='word_1_174' title='bbox 737 3027 804 3086; x_wconf 87' lang='lat' dir='ltr'><strong>aine</strong></span> <span class='ocrx_word' id='word_1_175' title='bbox 825 3025 889 3084; x_wconf 90' lang='lat' dir='ltr'><strong>lide</strong></span> <span class='ocrx_word' id='word_1_176' title='bbox 910 3032 1012 3086; x_wconf 88' lang='lat' dir='ltr'><strong>autem</strong></span> 
     </span>
     <span class='ocr_line' id='line_1_28' title="bbox 86 3114 1013 3209; baseline 0.008 -26"><span class='ocrx_word' id='word_1_177' title='bbox 86 3141 166 3207; x_wconf 30' lang='lat' dir='ltr'><strong>,non</strong></span> <span class='ocrx_word' id='word_1_178' title='bbox 194 3125 344 3205; x_wconf 63' lang='lat' dir='ltr'><strong>sufficere</strong></span> <span class='ocrx_word' id='word_1_179' title='bbox 368 3125 536 3201; x_wconf 84' lang='lat' dir='ltr'><strong>sentirent,</strong></span> <span class='ocrx_word' id='word_1_180' title='bbox 574 3134 607 3188; x_wconf 89' lang='lat' dir='ltr'><strong>et</strong></span> <span class='ocrx_word' id='word_1_181' title='bbox 625 3131 799 3209; x_wconf 81' lang='lat' dir='ltr'><strong>perfectum</strong></span> <span class='ocrx_word' id='word_1_182' title='bbox 820 3114 916 3209; x_wconf 69' lang='lat' dir='ltr'><strong>igitur</strong></span> <span class='ocrx_word' id='word_1_183' title='bbox 935 3131 1013 3209; x_wconf 90' lang='lat' dir='ltr'><strong>bap·</strong></span> 
     </span>
     <span class='ocr_line' id='line_1_29' title="bbox 101 3226 1013 3308; baseline 0.011 -24"><span class='ocrx_word' id='word_1_184' title='bbox 101 3226 227 3287; x_wconf 88' lang='lat' dir='ltr'><strong>tismum</strong></span> <span class='ocrx_word' id='word_1_185' title='bbox 245 3229 370 3288; x_wconf 71' lang='lat' dir='ltr'><strong>uaccam</strong></span> <span class='ocrx_word' id='word_1_186' title='bbox 392 3232 634 3308; x_wconf 79' lang='lat' dir='ltr'><strong>regenerationis</strong></span> <span class='ocrx_word' id='word_1_187' title='bbox 653 3240 683 3293; x_wconf 90' lang='lat' dir='ltr'><strong>et</strong></span> <span class='ocrx_word' id='word_1_188' title='bbox 698 3234 807 3294; x_wconf 80' lang='lat' dir='ltr'><strong>salutis</strong></span> <span class='ocrx_word' id='word_1_189' title='bbox 828 3235 908 3294; x_wconf 89' lang='lat' dir='ltr'><strong>viam</strong></span> <span class='ocrx_word' id='word_1_190' title='bbox 930 3236 1013 3295; x_wconf 84' lang='lat' dir='ltr'><strong>aesti-</strong></span> 
     </span>
     <span class='ocr_line' id='line_1_30' title="bbox 100 3332 1012 3418; baseline 0.009 -29"><span class='ocrx_word' id='word_1_191' title='bbox 100 3337 232 3392; x_wconf 82' lang='lat' dir='ltr'><strong>merent.</strong></span> <span class='ocrx_word' id='word_1_192' title='bbox 275 3332 371 3392; x_wconf 84' lang='lat' dir='ltr'><strong>Tales</strong></span> <span class='ocrx_word' id='word_1_193' title='bbox 393 3332 520 3394; x_wconf 85' lang='lat' dir='ltr'><strong>fuerunt</strong></span> <span class='ocrx_word' id='word_1_194' title='bbox 540 3336 689 3411; x_wconf 87' lang='lat' dir='ltr'><strong>Hermas,</strong></span> <span class='ocrx_word' id='word_1_195' title='bbox 720 3338 860 3398; x_wconf 80' lang='lat' dir='ltr'><strong>lustinus</strong></span> <span class='ocrx_word' id='word_1_196' title='bbox 882 3337 1012 3418; x_wconf 71' lang='lat' dir='ltr'><strong>Martpr,</strong></span> 
     </span>
     <span class='ocr_line' id='line_1_31' title="bbox 99 3433 1011 3519; baseline 0.011 -26"><span class='ocrx_word' id='word_1_197' title='bbox 99 3433 247 3508; x_wconf 78' lang='lat' dir='ltr'><strong>irenaeus,</strong></span> <span class='ocrx_word' id='word_1_198' title='bbox 272 3436 491 3512; x_wconf 77' lang='lat' dir='ltr'><strong>Tertullianus,</strong></span> <span class='ocrx_word' id='word_1_199' title='bbox 515 3438 700 3519; x_wconf 77' lang='lat' dir='ltr'><strong>cyprianus,</strong></span> <span class='ocrx_word' id='word_1_200' title='bbox 723 3441 867 3503; x_wconf 85' lang='lat' dir='ltr'><strong>Clemens</strong></span> <span class='ocrx_word' id='word_1_201' title='bbox 880 3443 1011 3503; x_wconf 81' lang='lat' dir='ltr'><strong>Alexan-</strong></span> 
     </span>
    </p>
   </div>
   <div class='ocr_carea' id='block_1_3' title="bbox 138 3657 423 3726">
    <p class='ocr_par' dir='ltr' id='par_1_4' title="bbox 138 3657 423 3726">
     <span class='ocr_line' id='line_1_32' title="bbox 138 3657 423 3726; baseline -0.007 -14"><span class='ocrx_word' id='word_1_202' title='bbox 138 3660 164 3712; x_wconf 66' lang='grc' dir='ltr'>η</span> <span class='ocrx_word' id='word_1_203' title='bbox 183 3658 271 3726; x_wconf 61' lang='lat' dir='ltr'><strong>regg.</strong></span> <span class='ocrx_word' id='word_1_204' title='bbox 294 3657 423 3711; x_wconf 83' lang='lat' dir='ltr'><strong>roo-na.</strong></span> 
     </span>
    </p>
   </div>
   <div class='ocr_carea' id='block_1_4' title="bbox 0 0 1126 4184">
    <p class='ocr_par' dir='ltr' id='par_1_5' title="bbox 0 0 1126 4184">
     <span class='ocr_line' id='line_1_33' title="bbox 0 0 1126 4184; baseline 0 0"><span class='ocrx_word' id='word_1_205' title='bbox 0 0 1126 4184; x_wconf 95' lang='lat' dir='ltr'><strong> </strong></span> 
     </span>
    </p>
   </div>
  </div>
 </body>
</html>
