2236 4184
104 468 360 566 consensoriae,
389 489 593 553 clementinae
613 484 783 560 bomiiiae¹‚
814 489 892 551 Aeto
917 489 1016 566 Petri,

101 615 231 677 qnorum
251 595 468 658 recessionum
490 596 598 655 ultima
619 593 721 658 brevis
742 592 930 678 reliquarum
950 597 1017 677 epi·

102 708 188 771 tome
209 705 270 761 est.
320 686 368 760 Ne
389 720 463 760 sero
485 702 518 762 iu
540 722 576 766 re
596 703 724 764 minoris
746 702 894 763 momenti
916 701 1016 764 lecto-

100 825 151 866 res
174 804 292 866 diutins
314 824 434 877 morer,
467 824 529 868 nou
551 808 686 869 omnium
713 807 931 868 mensionum
958 805 1016 877 sed

102 912 238 970 solarum
261 909 560 990 “,Recogoitiouum’'
583 912 677 973 effeta
698 911 739 972 de
765 911 921 990 baptismo
942 929 1016 991 pro,-

101 1033 231 1094 pouam,
258 1015 303 1074 its
323 1020 443 1093 tumeo,
474 1022 517 1077 ut·
531 1018 687 1097 proniores
709 1017 906 1089 homiliarum
929 1017 1016 1087 locus

102 1127 258 1183 annotem.
360 1180 363 1187 Α
825 1186 830 1195 ,
863 1182 866 1188 ,
975 1180 981 1194 ,

184 1221 457 1302 Comparationem
484 1225 781 1306 baptismum-inter
807 1231 840 1286 et
867 1222 1017 1287 sacrificis

101 1328 297 1402 Jodaeorum,
329 1347 419 1407 quom
448 1331 609 1414 plerisque
633 1337 754 1412 potrum
785 1329 1016 1409 untiquissimo·

100 1455 169 1496 rom
187 1452 311 1512 semper
334 1443 446 1514 praesto
471 1436 571 1500 fuisse
584 1444 728 1517 putores,
751 1455 843 1516 quum
864 1436 1015 1497 rationem

100 1539 248 1620 baptismi
270 1535 309 1597 ad
330 1539 547 1602 remissionem
571 1548 769 1622 peccatorum
791 1541 942 1622 imprimis
965 1561 1015 1601 ur·

101 1653 227 1724 gerent,
262 1652 478 1722 qinomoutem
505 1647 537 1706 in
565 1646 689 1726 scriptis
719 1663 826 1705 eorum
855 1665 1015 1726 nusquam,

100 1749 132 1811 ui
153 1747 263 1823 failor,
294 1750 452 1831 reperies,
485 1757 594 1812 ructor
614 1748 874 1830 Recoguitionnm
903 1751 1015 1835 saepius

100 1853 267 1933 proponit,
300 1858 332 1913 et
359 1853 511 1914 sacrificiu
536 1855 710 1936 baptismo,
743 1872 810 1933 quae
837 1855 928 1931 unico
949 1855 1014 1934 jum

100 1982 173 2023 vera
199 1961 246 2022 ria
275 1960 314 2021 od
346 1957 547 2019 obtinendum
575 1965 772 2040 peccatorum
800 1959 1015 2021 remissionem

100 2068 159 2144 sit,
180 2068 328 2148 obrogots
349 2082 421 2125 esse
448 2062 619 2126 contendit.
661 2062 731 2123 “Ne
752 2060 870 2138 forte‚”
904 2064 1014 2145 inquit,

100 2175 271 2252 “putarent
291 2173 332 2248 (oz
353 2167 477 2245 Judaei),
498 2168 694 2230 cessantibus
716 2166 828 2228 hostiis
855 2170 1034 2237 remissio-¹

99 2295 171 2339 uem
193 2275 254 2337 sibi
281 2294 343 2337 non
370 2272 440 2335 beri
467 2279 686 2353 peccatorum,
715 2271 868 2350 baptismo
893 2273 932 2334 iis
961 2295 1017 2354 per

99 2400 219 2462 equom·
239 2381 350 2442 statuit
371 2381 420 2454 (οε
449 2376 623 2456 Christus),
654 2377 775 2456 inquo
807 2378 845 2438 ob
874 2379 1016 2442 omnibus

99 2485 253 2566 peccetis,
273 2485 416 2544 invocato
435 2481 504 2561 ejus
525 2484 660 2557 nomine,
683 2481 889 2560 solverentur,
911 2492 954 2559 et,
976 2485 1016 2548 de

99 2569 225 2669 reliquo
253 2586 425 2668 perfectum
447 2586 541 2647 vitum
568 2593 753 2670 sequentes,
780 2575 815 2647 'in
836 2588 1018 2650 immortali-

99 2699 168 2754 tate
190 2693 353 2766 durarent,
374 2710 437 2752 uon
459 2690 612 2771 pecudum
635 2691 799 2774 sunguine,
822 2692 877 2754 sesi
893 2695 1017 2774 sapien-

100 2797 155 2857 tiae
176 2795 235 2856 Dei
257 2795 475 2875 purificatione
498 2797 668 2878 purgati.¹'²
713 2797 832 2873 Quibus
854 2817 891 2858 ex
913 2786 1017 2860 verbis

95 2903 163 2982 jum
197 2898 351 2981 suspicari
382 2901 505 2976 licebit,
538 2909 697 2964 auctorem
730 2908 859 2964 externo
892 2901 1017 2983 quidem

140 3109 164 3172 ι)
182 3108 224 3160 De
246 3105 325 3159 bisce
348 3107 456 3160 duobus
479 3109 681 3162 recursionibus
702 3111 803 3179 ubsque
826 3111 911 3164 dubio
934 3114 1019 3177 verbu

102 3197 171 3253 iecit
187 3197 318 3262 Rufinus,
341 3215 427 3266 quum
445 3199 475 3253 in
493 3201 651 3269 prefatione
668 3201 816 3266 versionis,
843 3205 958 3272 “pnto,”
976 3204 1019 3259 in-

101 3289 182 3359 quit,
209 3291 301 3359 “quod
325 3306 378 3343 non
405 3295 432 3343 te
457 3291 555 3359 letoni,
584 3293 734 3346 Clementis
759 3294 843 3360 hujus
869 3297 898 3350 io
925 3299 1018 3352 Graeoo

101 3382 225 3448 eiusdem
243 3380 334 3449 operis
353 3371 522 3450 οἷναγνῶσιων
541 3386 568 3437 b.
584 3404 607 3439 e.
625 3386 859 3456 Recognitionum
875 3391 943 3442 dous
960 3391 1019 3441 edi-

100 3475 194 3529 tiones
212 3473 326 3536 baberi,
343 3478 372 3526 et
389 3475 442 3527 tino
461 3494 576 3543 corpora
592 3496 651 3532 esse
670 3480 809 3533 librorum
826 3480 855 3533 in
870 3481 1019 3547 uliquuntis

103 3565 219 3634 quidem
245 3563 369 3630 diversa,
395 3565 424 3619 in
451 3569 550 3623 multis
573 3574 664 3623 tumen
682 3570 806 3636 ejusdem
829 3572 1019 3627 nurrotionis”

103 3672 170 3727 pag.
187 3655 248 3710 485.

141 3750 170 3816 3)
187 3749 248 3804 bib.
268 3751 281 3803 1
299 3766 358 3818 cup.
376 3749 417 3805 8⁹.
448 3752 498 3805 cir.
515 3769 596 3822 supp.
613 3752 658 3807 48.
674 3753 718 3808 54.
735 3755 779 3809 56.

219 3879 227 3887 ,2
795 3851 827 3904 ξι
