2236 4184
475 276 589 354 Αινσ

101 474 273 544 eramento,
295 468 421 530 eluente
436 486 493 530 nos
511 474 604 548 stqne
620 476 820 550 purgente—
832 489 922 532 nemo
934 473 1016 534 enim

102 578 220 656 ubsque
252 573 396 649 sordibus
427 593 593 654 resurgere
624 577 806 657 poterit'-
835 597 894 640 neo
921 578 1016 640 uliam

102 701 198 762 posse
219 678 350 740 enimam
372 679 520 758 reperiri,
544 698 612 759 quae
634 680 785 743 universis
808 683 910 743 stetim
925 683 1015 743 ‘vitiis

102 782 252 848 esrest.”1
299 783 418 861 Quibus
446 801 484 842 ex
512 783 591 844 loeis
619 804 768 866 oppenere
794 787 934 862 videtur,
968 784 1041 849 in?

101 896 222 951 ternam
249 887 517 968 regenerationem
544 894 577 948 et
604 894 880 954 sanctificationem
901 912 960 974 per
981 911 1016 954 se
1047 907 1050 915 ’

101 994 140 1055 sd
169 992 396 1074 perfectionem
423 997 456 1052 et
471 991 659 1056 felicitatem
684 996 863 1060 hominibus
888 1015 1016 1076 eompa-

99 1099 228 1161 rsndsm
250 1116 288 1158 ex
310 1086 457 1177 opiuim's'e
475 1097 619 1178 origenis
640 1100 725 1162 houd
743 1103 838 1182 plone
858 1102 1016 1179 sufficere,

100 1204 162 1266 nisi
183 1203 411 1282 adsitquoque
433 1206 664 1293 sacramentalis
686 1215 789 1283 retus,
817 1209 870 1289 qui
890 1208 1016 1270 demum
1086 1224 1093 1242 s

101 1328 158 1371 eos
186 1308 312 1370 omnino
340 1309 489 1388 perfioist.
537 1308 630 1371 Hsud
663 1330 770 1391 porum
797 1332 871 1394 ergo
898 1313 940 1374 sd
967 1314 1016 1374 in·

99 1415 183 1476 terni
194 1433 263 1476 oum
282 1419 410 1476 esterno
424 1413 640 1476 confusionem
661 1416 781 1478 enimus
799 1419 868 1500 ejus
885 1417 1016 1480 inelim-

99 1519 160 1596 vit,
182 1538 364 1599 quemquem
383 1518 525 1581 doctrine
543 1521 611 1600 ejus
630 1528 805 1584 ceterorum
827 1523 936 1604 purior
956 1529 1015 1585 est.

184 1624 275 1700 Quod
298 1623 337 1684 od
358 1623 537 1702 martyrium
560 1628 688 1701 eitinet,
719 1627 868 1707 baptismi
891 1629 1016 1690 nomine

99 1727 134 1788 id
155 1735 262 1803 ornet,
294 1728 378 1808 quod
401 1728 587 1790 delictorum
608 1731 826 1795 remissionem
847 1741 1015 1813 comperet.

100 1821 208 1897 “Reti
229 1829 288 1910 δὲ,”
309 1833 421 1912 inquit,
449 1823 581 1918 “άφεσιν
602 1825 757 1919 λαμβάνει
779 1825 1014 1921 ἁμαρτημάτων

100 1926 309 2022 σ’ὁπσμείνας
337 1939 380 2021 (σι
399 1928 436 2002 τὸ
459 1929 656 2021 μαρτύριον),
687 1930 851 2025 βάπτισμά
871 1940 966 2006 ἐστιν·
989 1939 1018 2007 τί

100 2035 161 2126 γάρ
188 2032 224 2106 τό
254 2037 417 2126 βάπτισμα
439 2032 547 2126 ἄφεσιν
571 2033 806 2128 ἁμαρτημάτων
827 2037 1014 2129 ἐπἀγγέλλε-

99 2167 169 2225 ται,
202 2137 305 2222 mide
332 2139 568 2233 παρειλήφαμεν
597 2145 667 2231 περὶ
694 2150 749 2212 τσῦ
777 2149 810 2226 ,ἐν
839 2141 931 2216 ὕδατι
959 2148 1016 2216 καί

99 2241 253 2334 πνεύματι
276 2249 508 2336 βαπτίσματος,
541 2241 649 2334 ἄφεσιν
674 2250 707 2318 δὲ
734 2244 890 2339 λαμβάνει
911 2244 1013 2339 άμαρ-

99 2347 248 2442 τημάτων
275 2353 331 2422 καί
358 2344 374 2420 ὁ
402 2346 438 2421 τὸ
465 2358 520 2421 τοῦ
550 2356 716 2442 μαρτυρίου
743 2349 913 2444 ὔπσμείνας
935 2351 1015 2442 βάντι

99 2481 207 2545 τισμα,
230 2452 393 2546 βάπτισμα
409 2450 445 2525 ed
467 2452 633 2546 ’μαρτύριον
652 2452 786 2546 edition(
803 2452 914 2547 λέγοιτ’
931 2455 1014 2530 ἅμ”2

100 2567 166 2628 lmo
199 2569 379 2647 mertyrium
413 2570 565 2648 baptismo
604 2572 701 2652 majus
733 2590 805 2633 esse
837 2571 1015 2645 coutendit3

100 2672 277 2752 “bsptisms
308 2673 391 2733 enim
424 2673 615 2754 sangoinis‚''
649 2676 765 2757 inquit,
798 2678 922 2739 “solum
954 2685 1015 2754 eet,

100 2778 185 2859 quod
208 2797 264 2839 nos
287 2778 429 2858 puriores
451 2779 582 2853 reddet,
614 2801 704 2860 quom
726 2801 813 2862 squae
841 2782 1014 2863 baptismus

99 2883 249 2944 reddidit
350 2891 397 2957 et,
419 2902 459 2944 oe
480 2884 541 2944 ists
563 2885 671 2946 dicens
693 2886 867 2962 offendam,
894 2905 1015 2963 vereor,

100 3006 141 3049 ne
167 2987 254 3049 istud
279 2986 432 3066 baptismo
454 2990 641 3050 eminentius
669 2991 711 3051 sit
733 2992 789 3053 iilo
816 2993 1015 3073 bsptismoie,

100 3092 184 3171 qnod
207 3111 263 3172 per
285 3110 393 3171 squam
416 3092 557 3154 trsditnr.
599 3094 657 3156 Illo
680 3095 762 3157 enim
780 3103 905 3177 eccepto
923 3097 1015 3159 valde

100 3197 192 3276 penei
221 3204 292 3257 sunt
319 3198 363 3257 ito
391 3196 492 3272 besti,
525 3199 577 3278 qni
605 3199 639 3260 id
666 3200 893 3285 immaculatum
915 3222 1014 3285 usqne

101 3301 140 3360 ad
163 3303 277 3361 exitum
301 3303 372 3362 vitae
397 3321 520 3362 servare
543 3294 711 3382 ¹potuerint.
752 3302 821 3368 Iloo
841 3327 915 3371 vero
938 3311 1014 3390 bsp-

101 3407 194 3468 tismo
227 3406 280 3486 qni
312 3405 487 3485 baptizatus
519 3408 631 3485 fuerit,
674 3431 803 3490 peecare
831 3412 896 3492 jom
933 3414 1015 3474 ultre

128 3633 216 3694 --²)1n
237 3602 394 3688 Inuekhom.
412 3634 456 3698 lt,
475 3648 541 3705 μσς.
553 3634 615 3692 948.

139 3723 333 3790 ²)1ndisttis.
352 3731 418 3783 teos.
435 3727 479 3796 16,
497 3744 556 3796 oop-
574 3728 599 3782 Co
