2236 4184
490 224 535 287 aa

53 416 170 478 redimi
190 435 314 498 qnoque
335 418 439 498 aliquo
462 416 620 497 jure‘diei
643 407 783 495 possunt.
824 415 967 496 lingene-
1005 422 1011 431 ·

53 525 137 584 renti
163 504 237 584 huie
264 523 417 602 baptismo
441 541 593 592 summam
620 521 781 600 mysticum
802 521 967 600 maginem·

51 647 118 710 que
145 629 207 688 sim
234 627 390 702 attribuit3
423 627 537 708 quippe
564 646 658 706 quom
686 645 747 686 uon
775 625 968 705 spirituatem

53 732 173 807 solum,
203 732 261 794 sed
288 732 468 792 mennam
489 750 612 814 quoque
639 751 708 794 eum
729 730 855 792 Christo
883 747 968 789 eom·
1025 718 1027 722 ⁴

57 838 236 899 munionem
268 837 448 898 hominibus
485 857 523 898 eo
557 837 686 900 ooneedi
717 836 862 897 sitirmet.
920 831 969 894 Ex

55 942 216 1004 sententis
246 943 330 1004 enirn
362 943 430 1023 ejus
462 962 525 1005 uon
543 942 655 1003 solum
676 939 819 1021 Spr'ritns
838 936 882 1000 S..
905 939 968 999 hoe

56 1047 213 1128 baptismo
236 1047 353 1107 aninss’s
369 1047 528 1109 homiuum
545 1068 582 1109 se
597 1048 762 1127 impertit‚3
775 1064 884 1126 eoque·¹
898 1045 967 1125 ipss

57 1170 124 1228 eos,
146 1171 261 1214 novum
276 1159 477 1232 senatumque
494 1153 564 1212 vitm
582 1151 767 1233 principium
783 1153 817 1213 in
834 1151 873 1211 iis
894 1168 968 1229 pro-

56 1276 183 1330 ereans,
211 1264 354 1342 renorat3
386 1257 444 1319 sad
465 1277 550 1340 aqna
570 1259 664 1318 etism
687 1255 832 1337 baptismi
853 1260 968 1316 morta-

56 1360 140 1424 iibns
169 1377 277 1421 eorum
298 1362 480 1442 corporibus
504 1362 770 1424 immortalitatem
796 1361 967 1440 impertit¹‚

56 1472 89 1526 et
117 1465 293 1544 eorporaiia
324 1447 493 1546 spiritualis
524 1469 610 1529 iliius
638 1467 866 1531 communionis
893 1484 968 1527 eon-

45 1568 154 1632 'sortia
175 1568 261 1631 iacit.
282 1603 320 1617 -
343 1569 413 1632 Non
435 1572 536 1633 sotum
564 1580 666 1634 sutem
687 1593 763 1635 auru.
778 1571 904 1632 Christo
924 1571 970 1630 its

52 1682 258 1756 regeneratos
279 1677 527 1738 communionem
546 1678 674 1753 habere,
697 1678 754 1738 sed
775 1697 844 1739 eum
867 1676 969 1737 eseia

54 1782 103 1841 sia
124 1800 264 1862 quoque,
298 1785 334 1842 ut
360 1798 453 1843 nuum
475 1781 592 1844 Christi
620 1802 733 1863 eorpus
760 1800 867 1844 omues
896 1778 969 1839 eiii-

56 1886 156 1961 einnt,
185 1886 266 1946 bena
287 1886 449 1960 observat,
486 1889 518 1948 in
540 1907 578 1949 eo
601 1893 704 1950 tamen
726 1906 849 1961 errans,
885 1884 969 1965 quod

55 1990 137 2053 hana
159 2009 282 2071 quoque
304 1994 566 2067 communionem,
585 1994 677 2074 quasi
699 1992 970 2065 sensualisesset,

56 2096 246 2177 depingere,
277 2116 460 2177 causamque
489 2100 557 2179 ejus
585 2098 778 2159 efiiaisntem
798 2097 830 2157 in
852 2095 969 2174 magias

55 2203 167 2264 eadem
199 2221 285 2281 aquae
315 2201 344 2260 vi
377 2221 516 2282 quaerera
544 2203 689 2264 videtum
721 2203 969 2272 “Potestatem‚”

54 2306 168 2387 inquit,
190 2308 457 2386 “regenerationis
469 2310 500 2370 iu
510 2291 610 2370 Deum
621 2309 810 2395 demandans
825 2312 865 2386 (aa
877 2297 969 2381 chri-

55 2416 136 2487 stus)
160 2411 339 2491 discipulis,
362 2412 488 2475 dicebat
508 2415 563 2476 iis:
584 2415 705 2477 Euutes
727 2414 839 2502 donante
860 2432 970 2476 omnes

55 2511 182 2598 gentes,
203 2515 399 2597 baptizantes
420 2537 477 2579 eos
498 2520 530 2580 in
552 2521 676 2582 nomine
697 2518 817 2596 Putria,
840 2518 917 2580 Filii
937 2525 970 2580 et

90 2743 120 2830 ¹)
141 2760 246 2833 Saepius
258 2760 329 2812 huna
344 2761 377 2812 de
390 2765 595 2830 regeneratione
609 2746 727 2838 eorporis
741 2764 904 2827 doctrinam,
921 2781 970 2817 an-

55 2859 99 2908 tae
112 2852 174 2919 jaus
192 2854 227 2906 ab
244 2851 423 2922 Athenagora
441 2852 469 2907 iu
490 2855 563 2908 libro
580 2858 613 2909 de
630 2857 829 2911 resurrectione
848 2863 970 2910 mortuo·
973 2877 977 2884 ·

54 2961 117 2997 rum
137 2943 315 3013 propositam,
331 2951 427 3012 postea
444 2964 509 2999 nero
526 2964 545 3001 ιι
561 2947 738 3003 Tertulliano
755 2951 907 3009 excultum,
926 2967 979 3001 ex·.

56 3037 151 3104 piiaut.
187 3037 232 3089 lta
249 3037 308 3089 adr.
327 3036 392 3090 har.
411 3008 461 3091 lib.
478 3039 575 3108 (neap.
594 3041 671 3103 11‚‘
674 3043 711 3094 ‘iu
736 3042 837 3108 quibus
857 3040 971 3109 igiturss’

54 3128 157 3198 iuquit,
175 3127 352 3196 ‘iperibamus
372 3131 513 3196 membris,
533 3141 677 3200 operantes
694 3151 735 3197 ea,
753 3140 893 3200 quaesunt
910 3151 970 3187 sor-

55 3219 221 3290 ruptone,
213 3236 241 3271 ιιι
259 3218 382 3272 iisdem
373 3225 442 3288 apsis
459 3222 649 3289 vivificamur,
677 3235 819 3293 operantes
836 3245 885 3291 aa,
911 3246 972 3297 quae

56 3317 118 3363 sunt
137 3310 264 3378 spiritus.
306 3313 542 3379 Quemadmodum
561 3318 634 3368 enim
651 3318 812 3386 currn'pteioe
830 3326 970 3390 estsuper

56 3420 132 3467 euro,
143 3402 191 3455 'sie
210 3409 237 3454 et
255 3407 455 3477 incorruptelae,
476 3413 503 3458 et
522 3410 751 3475 quemadmodum
770 3412 867 3464 mortis
885 3414 925 3465 sie
943 3420 971 3466 et

56 3492 146 3547 aitae'‘
185 3495 311 3547 Ceterum
331 3498 481 3549 notandum
499 3508 554 3564 ost,
577 3503 708 3553 Irenaeum
729 3503 757 3554 Ιι.
777 3503 795 3555 Ι
820 3521 971 3572 aaronque

58 3585 124 3650 rim,
144 3589 191 3640 sed
205 3586 342 3640 internam
355 3582 558 3646 conversionem
576 3607 686 3646 eausam
701 3594 784 3660 hujus
802 3595 842 3647 roi
861 3612 969 3699 ponera.

60 3676 115 3729 cu.
135 3695 192 3747 nup.
212 3679 408 3745 insinuari.
472 3761 476 3771 Ι
