2236 4184
538 283 581 345 25

104 461 278 554 πνεῦματος
300 462 388 556 ἀγίον
408 463 445 537 τό
466 469 497 536 ἐν
517 473 560 562 τῷ
583 464 676 538 ῦῦατι
700 463 771 538 τότε
797 461 920 557 λουτρόν
942 493 1007 536 ποι-

101 577 221 643 οῦνται·
241 573 296 642 καί
316 570 376 662 γάρ
398 568 414 641 ό
431 567 565 662 Χριστός
586 569 684 642 είπενι
704 565 755 642 Ἀν
778 567 821 662 μή
843 565 1008 659 ἀναγεννη-

100 684 178 769 θῆτε,
202 670 237 747 οῦ
252 672 295 770 μή
313 681 465 770 είοέλθητε
484 681 528 759 είς
542 672 598 766 τήν
614 679 772 764 βασιλείαν
788 682 847 746 τῦν
866 669 1009 763 ον’ρανῦν·

99 769 148 850 ότι
169 784 203 851 δὲ
223 783 278 852 καί
305 777 457 852 ἀδῦνατον
485 785 529 863 είς
548 779 609 865 τάς
631 778 753 872 μήτρας
772 787 831 851 τῶν
852 784 1009 869 τηκονοῦν
1036 824 1040 833 ·

98 890 174 968 τοῦς
193 882 280 972 όίπαξ
295 893 501 976 γεννωμένους
518 893 658 979 ἐμβῆναι,
679 881 808 976 φανερόν
828 887 921 954 πᾶσίν
939 887 1011 950 ἐστι·

99 993 156 1062 καί
175 986 232 1061 ῦιοὶ
248 984 379 1060 Ἠσαίου
399 999 454 1062 τοῦ
475 991 682 1086 προφήτου...
706 997 834 1084 εἴρηται,
856 991 927 1059 τίνοι
942 979 1010 1074 τρό-

99 1121 158 1165 πον
178 1090 343 1183 φεύξονται
368 1091 429 1178 τοὶς
456 1091 615 1187 ἀμαρτίας
640 1101 670 1168 οί
697 1093 936 1186 ἁμαρτήσαντος
955 1093 1011 1162 καί

89 1204 340 1290 μετανοοῦντες·
361 1205 467 1290 ἐλέχθη
489 1205 523 1271 δὲ
544 1198 656 1283 οῦτωςι
683 1198 856 1282 Λοόσαοθε,
882 1199 1012 1286 καθαροί

99 1307 217 1393 γίνεσθε
237 1331 266 1374 κ.
285 1330 314 1373 τ.
335 1311 362 1374 λ.
384 1344 423 1356 -
444 1312 509 1372 Jeu.
533 1314 563 1387 l,
584 1296 848 1376 16-2θ.’-....νιαὶ
867 1298 957 1389 λόγον
978 1302 1013 1370 a&

101 1411 147 1490 ε’ίς
174 1414 267 1479 τοῦτο
296 1403 385 1497 παραὶ
411 1416 472 1478 τῶν
503 1406 681 1482 ἀποστόλων
710 1407 862 1500 ἐμάθομεν
893 1412 1012 1475 τοῦτον·

101 1508 207 1604 ἐπειδή
237 1509 293 1603 τήν
323 1507 443 1602 πρόιην
472 1518 587 1602 γένεσιν
615 1507 702 1607 ήμῶν
732 1507 915 1602 ἀγνοοῦντες
940 1503 1011 1581 κατ’

85 1610 242 1710 -ἀνάγκην
263 1613 469 1707 γεγεννήμεθα
497 1623 529 1706 ἐξ
556 1612 653 1708 ῦγράς
680 1623 800 1707 σπορᾶς
825 1611 912 1687 κατά
933 1619 1012 1704 μίξιν

99 1714 157 1814 τήν
177 1729 237 1792 τῦν
257 1727 368 1812 γονέων
390 1720 465 1812 πρός
484 1717 646 1812 ἀλλήλους,
668 1725 723 1793 καί
741 1727 771 1792 ἐν
789 1727 867 1792 έθεοι
881 1717 1020 1809 φαῦλοις

99 1829 157 1897 καί
191 1840 341 1917 πονηραῖς
375 1822 566 1918 ἀνατροφαϊς
600 1822 784 1917 γεγόναμεν·
821 1822 925 1906 ’όπως
961 1820 1013 1916 μή

101 1923 281 2020 ἀνάγκης
316 1937 439 2003 τέκνα
484 1938 581 2025 μηδὲ
619 1929 784 2023 ἀγνοίας
823 1933 1011 2019 μένωμεν,

101 2029 202 2105 ἀλλά
222 2043 486 2126 προαιρέσεως
504 2042 571 2110 καί
591 2032 814 2128 ἐπιστήμης,
837 2029 1013 2124 ἀφέσεός

99 2167 143 2210 τε
166 2133 365 2229 ἀμαρτιῦν
386 2137 478 2231 ῦπέρ
500 2134 547 2213 όν
568 2137 872 2231 προημάρτομεν
892 2135 1012 2224 τόχω-

100 2273 170 2334 μεν
200 2247 236 2313 ἐν
264 2250 315 2336 τῷ
344 2242 473 2331 ῦῦατι,
508 2243 733 2336 ἐπονομάζεται
761 2253 810 2336 τῷ
841 2247 1011 2335 ἑλομένῳ

101 2344 413 2441 ἀναγεννηθήναι
447 2354 515 2422 καί
550 2349 841 2441 μετανοήσαντι
869 2350 918 2418 ἐπὶ
944 2358 1012 2428 τοῖς

98 2448 331 2545 ήμαρτημένοις
347 2451 383 2522 τό
402 2462 456 2525 τοῦ
475 2450 593 2546 πατρός
613 2464 672 2526 τῶν
692 2454 770 2526 όλων
790 2456 846 2525 καί
863 2447 1012 2524 δεσπότου

102 2565 171 2630 θεοῦ
194 2554 305 2648 όνομα·
335 2555 410 2629 αῦτό
437 2566 529 2630 τοῦτο
557 2555 646 2650 μόνον
668 2565 876 2648 ἐπιλέγοντες,
903 2562 1012 2626 τοῦτον

102 2656 286 2752 λουσόμενον
310 2658 439 2752 ἀγοντες
459 2668 508 2735 ἐπί
532 2663 569 2735 τό
592 2660 725 2754 λουτρόν.
768 2658 867 2751 όνομα
887 2661 947 2750 γάρ
967 2665 1012 2754 τῷ

102 2761 226 2858 α’ῤῥήτφ
248 2772 302 2860 θεῷ
325 2761 424 2849 οῦδεὶς
445 2773 508 2854 έήγει
529 2774 637 2840 εἰπεῖν·
661 2773 690 2840 εί
709 2774 743 2840 δέ
763 2794 811 2849 τις
830 2763 1012 2855 τολμήσειεν

103 2869 184 2942 είνοιι
200 2875 307 2959 λέγειν,
330 2878 447 2962 μέμηνε
464 2871 518 2965 τήν
538 2869 656 2944 ἄσωτον
675 2878 795 2964 μανίαν.
826 2881 1013 2941 καλεῖται

103 2977 145 3044 δὲ
164 2981 279 3046 τοῦτο
300 2972 342 3045 τό
364 2973 525 3066 λουτρόν
547 2975 759 3067 φωτισμός,
784 2972 830 3058 ῦς
851 2987 1012 3065 φωτιζο-

104 3084 226 3169 μένων
250 3075 317 3172 τήν
346 3079 523 3151 διάνοιαν
549 3089 621 3152 τῦν
646 3089 773 3152 ταῦτα
800 3077 1012 3180 μανθανόν-

100 3210 183 3254 των.
219 3179 265 3253 ἐπ’
286 3179 440 3275 όνόματος
461 3189 494 3257 δὲ
513 3180 614 3278 Ἰησοῦ
635 3194 779 3276 Χριστοῦ,
798 3194 854 3257 τοῦ
876 3214 1011 3275 σταυρω-

101 3292 207 3369 θέντος
227 3290 276 3358 ἐπί
294 3293 425 3360 Ποντίου
437 3287 586 3375 Πιλάτου,
607 3294 664 3361 καί
684 3289 729 3363 ἐπ’
751 3285 903 3382 όνόματος
921 3289 1010 3363 πνεῦ·

103 3417 207 3482 ματος
228 3385 330 3481 ἀγίον,
361 3388 378 3463 ό
404 3390 457 3464 διαὶ
482 3402 541 3465 τῦν
568 3400 730 3488 προφητῶν
758 3394 943 3489 προεκήρυξε
969 3398 1012 3467 τοὶ

100 3493 190 3569 κατά
209 3492 262 3567 τόν
280 3492 398 3589 Ἰησοῦν
419 3494 538 3583 πάντα,
561 3494 576 3569 ό
598 3499 803 3593 φωτιζόμενος
823 3499 987 3571 λούεται)1

914 3651 1013 3661 ..Φ-»σ-

140 3724 167 3791 ¹)
185 3724 274 3795 ng.
293 3722 397 3780 8841.
