2236 4184
535 258 587 321 7,

100 451 257 535 que-ritui
277 452 425 533 magioam
446 450 506 511 rim
527 449 673 512 vindicet.
715 450 820 513 “caro
843 452 1014 529 abluitur,”

99 556 218 637 inquit,
250 558 311 617 “ut
335 556 435 617 anima
462 556 671 628 emaouletur3
703 573 776 617 earo
804 558 948 638 ungitur,
979 565 1018 619 ut

100 662 201 724 aalma
222 665 440 732 consecretun
476 676 546 720 earo
570 660 725 738 signatur,
761 646 804 720 nt
826 663 928 722 anima
949 682 1017 723 uru-

100 767 218 840 niatur3
257 784 328 825 caro
356 780 462 825 manua
495 763 696 840 impositione
724 765 942 842 adumbratur,
978 775 1018 828 ut

101 872 200 931 anima
233 868 351 947 Spiritu
385 863 625 928 illuminetur.'’¹
665 868 736 930 Hoo
764 879 866 930 tameo
898 871 1015 946 obiter,

102 980 136 1036 et
162 973 196 1034 ut
224 990 330 1034 omues
357 970 436 1032 ritus
465 989 503 1031 ex
529 973 684 1032 sententia
707 973 895 1034 Tertulliani
917 994 1019 1036 aruum

66 1127 69 1134 .
101 1098 180 1159 opus
208 1077 406 1150 efficiebant,
438 1081 474 1136 ut
499 1094 539 1137 ua
566 1082 630 1136 tum
654 1077 798 1156 quidem,
830 1098 924 1158 quum
943 1058 1018 1140 'laioi

101 1181 254 1262 baptisma
276 1179 554 1254 administrassent,
576 1199 684 1263 manus
700 1182 933 1261 impositionem
952 1184 1018 1245 alre

102 1286 368 1348 confirmationem
390 1284 613 1365 sejungendum
640 1304 712 1346 esse
740 1294 772 1347 at
799 1286 837 1348 ab
866 1288 1018 1368 episeopo

102 1389 378 1454 administrandam
399 1389 582 1469 postulet.”²
674 1428 677 1433 -
781 1424 784 1433 ·

186 1494 397 1555 Tertullianus
418 1510 512 1572 ergo,
534 1500 569 1555 ut
590 1515 627 1558 ex
649 1497 793 1558 omuibus
807 1516 902 1576 supra
924 1497 1017 1559 dietis

103 1607 247 1680 apparet,
289 1606 417 1659 externo
449 1598 603 1677 baptismo
636 1602 769 1682 magicas
802 1601 842 1663 ad
873 1601 1018 1665 homines

103 1704 309 1785 spiritualiter
328 1703 559 1784 regenerandos
572 1705 659 1767 ¹virea
680 1688 842 1780 adscribit,
864 1724 957 1786 quam
977 1703 1018 1767 ob

103 1828 171 1872 rem
193 1827 315 1889 quoque
338 1827 394 1868 noa
415 1806 633 1888 “pisciculos‘’,
656 1810 708 1889 qui
726 1810 918 1872 “seeundum
935 1799 1018 1890 ἰχθῦν

104 1903 249 1976 nostrum
270 1914 303 1972 iu
326 1932 403 1992 aqua
425 1913 623 1986 nasnimur,”³
648 1913 800 1993 appellat,
827 1916 893 1996 jam
915 1923 1019 1976 autem

103 2039 177 2081 vera
205 2017 381 2080 christiana
409 2020 616 2094 couscientia,
648 2039 717 2083 oum
747 2020 858 2080 damno
891 2019 1019 2099 quidem

104 2124 287 2187 oouatautioe
308 2125 430 2203 mystici
452 2125 536 2185 illius
560 2123 723 2204 dogmatis,
745 2126 825 2185 viam
846 2125 909 2200 sibi
931 2123 1019 2200 iacit,

105 2249 165 2310 qua
182 2228 293 2290 duetus
315 2235 423 2291 auctor
444 2235 551 2288 noster
572 2227 719 2306 postulat,
741 2236 777 2288 ut
798 2249 867 2290 cum
890 2236 1018 2291 externo

103 2335 202 2395 hoe'oe
222 2334 378 2413 baptismo
407 2334 574 2394 internum
589 2330 691 2391 cordia
713 2333 888 2406 lavacrum,
922 2334 1018 2414 idque

104 2424 172 2499 nou
188 2437 243 2496 illo
266 2437 383 2514 magiae
405 2441 613 2514 procreatum,
635 2436 691 2495 sed
711 2447 795 2498 metu
809 2436 866 2495 liei
889 2443 922 2496 et
942 2457 1018 2517 poe·

105 2540 235 2601 nitentia
257 2546 289 2600 et
316 2541 379 2600 fide
402 2540 468 2621 jam
498 2547 589 2600 antea
616 2540 780 2614 offertum,
811 2540 921 2601 intime
943 2561 1024 2604 oon-x

102 2644 242 2720 junctum
264 2644 315 2703 sit.
358 2644 450 2705 “Non
472 2642 578 2717 ideo,”
611 2646 726 2725 inquit,
757 2645 952 2719 “abluimarr,
983 2653 1019 2707 ut

106 2749 288 2828 delinquere
310 2748 497 2822 desinamus,
520 2748 577 2810 aed
592 2751 662 2830 quia
684 2749 852 2825 desiimus,
873 2753 1017 2831 quonlam

142 2974 167 3040 ¹)
184 2972 226 3026 Ile
245 2987 349 3024 resurra
365 2970 463 3035 carnis,
481 2989 542 3040 cap.
559 2971 585 3026 8.

141 3069 167 3131 ¹)
185 3069 225 3120 De
243 3066 320 3134 bapt.
338 3081 395 3132 esp.
414 3063 455 3118 ll.

141 3161 168 3222 ⁸)
186 3159 256 3212 ibid.
280 3174 339 3224 nep.
359 3155 385 3210 l.
426 3156 546 3208 Verbum
570 3151 688 3226 “igitir’'
712 3158 858 3210 secuudum
883 3159 1019 3226 optatum

105 3248 257 3320 significat:
278 3239 398 3316 “’Inoodr
414 3243 535 3317 Χριστὸς,
553 3248 622 3303 Θεοῦ
638 3242 716 3312 ‘tado
736 3241 848 3318 Σωτήρ”
866 3278 900 3312 ,-
917 3258 946 3303 et
964 3254 1019 3305 Au-

104 3341 234 3417 gustinus
252 3341 280 3394 ln
299 3340 373 3393 libro
390 3340 423 3392 de
440 3337 515 3390 civit.
533 3339 593 3409 liei.
612 3339 661 3393 iio.
676 3338 719 3403 18,
738 3357 798 3408 cap.
816 3339 851 3393 28
871 3341 918 3392 “iu
935 3342 1021 3400 hooea

105 3433 250 3498 nomine,''
275 3432 332 3497 ait,
360 3429 496 3499 “mystice
519 3430 643 3500 intelligi
666 3431 823 3498 Christum,
850 3436 972 3499 eoquod
992 3436 1021 3490 iu

104 3525 189 3592 hujus
206 3522 386 3578 mortalitatis
403 3507 516 3591 ninyam,
534 3524 613 3575 velut
630 3522 658 3574 iu
674 3540 806 3590 uquarum
820 3527 1019 3592 profunditate,

104 3617 187 3672 virus
207 3619 234 3673 in
254 3635 278 3671 e.
299 3615 359 3669 aina
377 3620 488 3684 precato
505 3631 568 3668 erae
583 3615 730 3684 potuerit.’'
764 3617 884 3684 Augusti
902 3606 1019 3674 Deniw.

105 3712 160 3768 vol.
180 3714 239 3777 vii,
257 3727 320 3785 pag.
336 3707 378 3763 79.
