<?xml version="1.0" encoding="UTF-8"?>
<!DOCTYPE html PUBLIC "-//W3C//DTD XHTML 1.0 Transitional//EN"
    "http://www.w3.org/TR/xhtml1/DTD/xhtml1-transitional.dtd">
<html xmlns="http://www.w3.org/1999/xhtml" xml:lang="en" lang="en">
 <head>
  <title>
</title>
<meta http-equiv="Content-Type" content="text/html;charset=utf-8" />
  <meta name='ocr-system' content='tesseract 3.04.00' />
  <meta name='ocr-capabilities' content='ocr_page ocr_carea ocr_par ocr_line ocrx_word'/>
</head>
<body>
  <div class='ocr_page' id='page_1' title='image "./devieteffectibu00schugoog_0174.png"; bbox 0 0 2236 4184; ppageno 0'>
   <div class='ocr_carea' id='block_1_1' title="bbox 492 238 552 301">
    <p class='ocr_par' dir='ltr' id='par_1_1' title="bbox 492 238 552 301">
     <span class='ocr_line' id='line_1_1' title="bbox 492 238 552 301; baseline 0 -1"><span class='ocrx_word' id='word_1_1' title='bbox 492 238 552 301; x_wconf 78' lang='grc'><strong>101</strong></span> 
     </span>
    </p>
   </div>
   <div class='ocr_carea' id='block_1_2' title="bbox 63 429 983 2077">
    <p class='ocr_par' dir='ltr' id='par_1_2' title="bbox 67 429 982 514">
     <span class='ocr_line' id='line_1_2' title="bbox 67 429 982 514; baseline 0.003 -21"><span class='ocrx_word' id='word_1_2' title='bbox 67 436 137 493; x_wconf 80' lang='lat' dir='ltr'><strong>cute</strong></span> <span class='ocrx_word' id='word_1_3' title='bbox 147 429 287 491; x_wconf 76' lang='lat' dir='ltr'><strong>trinitate</strong></span> <span class='ocrx_word' id='word_1_4' title='bbox 299 431 455 492; x_wconf 85' lang='lat' dir='ltr'><strong>nominum</strong></span> <span class='ocrx_word' id='word_1_5' title='bbox 470 431 584 506; x_wconf 81' lang='lat' dir='ltr'><strong>Petris,</strong></span> <span class='ocrx_word' id='word_1_6' title='bbox 605 430 690 507; x_wconf 72' lang='lat' dir='ltr'><strong>llllll,</strong></span> <span class='ocrx_word' id='word_1_7' title='bbox 712 430 765 511; x_wconf 84' lang='lat' dir='ltr'><strong>Sp.</strong></span> <span class='ocrx_word' id='word_1_8' title='bbox 782 431 815 493; x_wconf 85' lang='lat' dir='ltr'><strong>S.</strong></span> <span class='ocrx_word' id='word_1_9' title='bbox 823 438 868 507; x_wconf 85' lang='lat'><strong>;”1</strong></span> <span class='ocrx_word' id='word_1_10' title='bbox 893 454 982 514; x_wconf 84' lang='lat' dir='ltr'><strong>quum</strong></span> 
     </span>
    </p>

    <p class='ocr_par' dir='ltr' id='par_1_3' title="bbox 63 535 982 2077">
     <span class='ocr_line' id='line_1_3' title="bbox 68 535 980 617; baseline 0.003 -20"><span class='ocrx_word' id='word_1_11' title='bbox 68 543 173 597; x_wconf 82' lang='lat' dir='ltr'><strong>tumen</strong></span> <span class='ocrx_word' id='word_1_12' title='bbox 199 535 350 617; x_wconf 70' lang='lat' dir='ltr'><strong>integrum</strong></span> <span class='ocrx_word' id='word_1_13' title='bbox 378 535 543 599; x_wconf 80' lang='lat' dir='ltr'><strong>foimulum</strong></span> <span class='ocrx_word' id='word_1_14' title='bbox 572 555 633 597; x_wconf 92' lang='lat' dir='ltr'><strong>nou</strong></span> <span class='ocrx_word' id='word_1_15' title='bbox 655 536 747 616; x_wconf 86' lang='lat' dir='ltr'><strong>plsne</strong></span> <span class='ocrx_word' id='word_1_16' title='bbox 775 540 980 600; x_wconf 85' lang='lat' dir='ltr'><strong>necesssrism</strong></span> 
     </span>
     <span class='ocr_line' id='line_1_4' title="bbox 68 638 981 718; baseline 0.001 -17"><span class='ocrx_word' id='word_1_17' title='bbox 68 638 363 718; x_wconf 77' lang='lat' dir='ltr'><strong>oestimsvit,·quum</strong></span> <span class='ocrx_word' id='word_1_18' title='bbox 386 642 519 702; x_wconf 85' lang='lat' dir='ltr'><strong>eundem</strong></span> <span class='ocrx_word' id='word_1_19' title='bbox 542 659 667 703; x_wconf 87' lang='lat' dir='ltr'><strong>sensum</strong></span> <span class='ocrx_word' id='word_1_20' title='bbox 689 640 722 702; x_wconf 93' lang='lat' dir='ltr'><strong>iu</strong></span> <span class='ocrx_word' id='word_1_21' title='bbox 743 642 841 702; x_wconf 88' lang='lat' dir='ltr'><strong>solius</strong></span> <span class='ocrx_word' id='word_1_22' title='bbox 861 640 981 703; x_wconf 79' lang='lat' dir='ltr'><strong>chriso</strong></span> 
     </span>
     <span class='ocr_line' id='line_1_5' title="bbox 69 743 983 825; baseline 0.002 -21"><span class='ocrx_word' id='word_1_23' title='bbox 69 744 265 806; x_wconf 73' lang='lat' dir='ltr'><strong>invocatione</strong></span> <span class='ocrx_word' id='word_1_24' title='bbox 283 743 389 824; x_wconf 79' lang='lat' dir='ltr'><strong>inesse</strong></span> <span class='ocrx_word' id='word_1_25' title='bbox 411 746 541 825; x_wconf 73' lang='lat' dir='ltr'><strong>putarit,</strong></span> <span class='ocrx_word' id='word_1_26' title='bbox 565 746 779 825; x_wconf 79' lang='lat' dir='ltr'><strong>quemobrem,</strong></span> <span class='ocrx_word' id='word_1_27' title='bbox 808 744 908 806; x_wconf 85' lang='lat' dir='ltr'><strong>“loris</strong></span> <span class='ocrx_word' id='word_1_28' title='bbox 930 747 983 806; x_wconf 67' lang='lat' dir='ltr'><strong>el-</strong></span> 
     </span>
     <span class='ocr_line' id='line_1_6' title="bbox 68 848 981 943; baseline 0.002 -34"><span class='ocrx_word' id='word_1_29' title='bbox 68 855 117 909; x_wconf 83' lang='lat' dir='ltr'><strong>tru</strong></span> <span class='ocrx_word' id='word_1_30' title='bbox 139 848 321 920; x_wconf 82' lang='lat' dir='ltr'><strong>ecclesium,</strong></span> <span class='ocrx_word' id='word_1_31' title='bbox 355 848 416 913; x_wconf 93' lang='lat' dir='ltr'><strong>imo</strong></span> <span class='ocrx_word' id='word_1_32' title='bbox 440 855 547 911; x_wconf 78' lang='lat' dir='ltr'><strong>contre</strong></span> <span class='ocrx_word' id='word_1_33' title='bbox 569 852 733 913; x_wconf 82' lang='lat' dir='ltr'><strong>ecclesium</strong></span> <span class='ocrx_word' id='word_1_34' title='bbox 757 848 850 910; x_wconf 86' lang='lat' dir='ltr'><strong>modo</strong></span> <span class='ocrx_word' id='word_1_35' title='bbox 867 849 904 943; x_wconf 87' lang='lat' dir='ltr'><strong>iu</strong></span> <span class='ocrx_word' id='word_1_36' title='bbox 926 868 981 911; x_wconf 92' lang='lat' dir='ltr'><strong>no·</strong></span> 
     </span>
     <span class='ocr_line' id='line_1_7' title="bbox 67 926 982 1034; baseline 0 -20"><span class='ocrx_word' id='word_1_37' title='bbox 67 954 151 1014; x_wconf 85' lang='lat' dir='ltr'><strong>minc</strong></span> <span class='ocrx_word' id='word_1_38' title='bbox 180 952 255 1014; x_wconf 81' lang='lat' dir='ltr'><strong>lesu</strong></span> <span class='ocrx_word' id='word_1_39' title='bbox 285 952 403 1013; x_wconf 84' lang='lat' dir='ltr'><strong>Christi</strong></span> <span class='ocrx_word' id='word_1_40' title='bbox 431 954 606 1034; x_wconf 85' lang='lat' dir='ltr'><strong>ubicunque</strong></span> <span class='ocrx_word' id='word_1_41' title='bbox 638 960 671 1015; x_wconf 86' lang='lat' dir='ltr'><strong>et</strong></span> <span class='ocrx_word' id='word_1_42' title='bbox 703 926 982 1033; x_wconf 79' lang='lat' dir='ltr'><strong>quomodocunque</strong></span> 
     </span>
     <span class='ocr_line' id='line_1_8' title="bbox 69 1056 980 1138; baseline -0.001 -19"><span class='ocrx_word' id='word_1_43' title='bbox 69 1056 218 1138; x_wconf 78' lang='lat' dir='ltr'><strong>gentilem</strong></span> <span class='ocrx_word' id='word_1_44' title='bbox 239 1057 428 1137; x_wconf 75' lang='lat' dir='ltr'><strong>baptizatum</strong></span> <span class='ocrx_word' id='word_1_45' title='bbox 448 1058 663 1119; x_wconf 87' lang='lat' dir='ltr'><strong>remissionem</strong></span> <span class='ocrx_word' id='word_1_46' title='bbox 687 1065 884 1137; x_wconf 71' lang='lat' dir='ltr'><strong>peccatorum</strong></span> <span class='ocrx_word' id='word_1_47' title='bbox 907 1078 980 1119; x_wconf 90' lang='lat' dir='ltr'><strong>con-</strong></span> 
     </span>
     <span class='ocr_line' id='line_1_9' title="bbox 68 1158 979 1243; baseline 0.001 -21"><span class='ocrx_word' id='word_1_48' title='bbox 68 1162 156 1242; x_wconf 82' lang='lat' dir='ltr'><strong>sequi</strong></span> <span class='ocrx_word' id='word_1_49' title='bbox 180 1163 321 1243; x_wconf 81' lang='lat' dir='ltr'><strong>posse,”²</strong></span> <span class='ocrx_word' id='word_1_50' title='bbox 346 1161 462 1223; x_wconf 78' lang='lat' dir='ltr'><strong>(locuit.</strong></span> <span class='ocrx_word' id='word_1_51' title='bbox 504 1158 618 1223; x_wconf 81' lang='lat' dir='ltr'><strong>Verum</strong></span> <span class='ocrx_word' id='word_1_52' title='bbox 643 1170 746 1222; x_wconf 87' lang='lat' dir='ltr'><strong>sutem</strong></span> <span class='ocrx_word' id='word_1_53' title='bbox 768 1163 979 1241; x_wconf 78' lang='lat' dir='ltr'><strong>receptionem</strong></span> 
     </span>
     <span class='ocr_line' id='line_1_10' title="bbox 68 1264 979 1351; baseline -0.002 -23"><span class='ocrx_word' id='word_1_54' title='bbox 68 1268 162 1351; x_wconf 84' lang='lat' dir='ltr'><strong>hujus</strong></span> <span class='ocrx_word' id='word_1_55' title='bbox 192 1264 386 1329; x_wconf 83' lang='lat' dir='ltr'><strong>remissionis</strong></span> <span class='ocrx_word' id='word_1_56' title='bbox 412 1272 446 1326; x_wconf 83' lang='lat' dir='ltr'><strong>ct</strong></span> <span class='ocrx_word' id='word_1_57' title='bbox 471 1269 594 1347; x_wconf 81' lang='lat' dir='ltr'><strong>grutioe,</strong></span> <span class='ocrx_word' id='word_1_58' title='bbox 626 1269 812 1349; x_wconf 81' lang='lat' dir='ltr'><strong>bsptismute</strong></span> <span class='ocrx_word' id='word_1_59' title='bbox 843 1266 979 1328; x_wconf 84' lang='lat' dir='ltr'><strong>lrominl-</strong></span> 
     </span>
     <span class='ocr_line' id='line_1_11' title="bbox 68 1352 979 1454; baseline -0.003 -21"><span class='ocrx_word' id='word_1_60' title='bbox 68 1375 127 1434; x_wconf 85' lang='lat' dir='ltr'><strong>bus</strong></span> <span class='ocrx_word' id='word_1_61' title='bbox 158 1369 353 1433; x_wconf 73' lang='lat' dir='ltr'><strong>solummodo</strong></span> <span class='ocrx_word' id='word_1_62' title='bbox 386 1371 515 1446; x_wconf 82' lang='lat' dir='ltr'><strong>olrlstoe,</strong></span> <span class='ocrx_word' id='word_1_63' title='bbox 557 1372 588 1433; x_wconf 92' lang='lat' dir='ltr'><strong>iu</strong></span> <span class='ocrx_word' id='word_1_64' title='bbox 613 1352 683 1454; x_wconf 76' lang='lat' dir='ltr'><strong>fide</strong></span> <span class='ocrx_word' id='word_1_65' title='bbox 712 1370 890 1450; x_wconf 79' lang='lat' dir='ltr'><strong>bsptiuunrli</strong></span> <span class='ocrx_word' id='word_1_66' title='bbox 921 1388 979 1451; x_wconf 90' lang='lat' dir='ltr'><strong>po·</strong></span> 
     </span>
     <span class='ocr_line' id='line_1_12' title="bbox 68 1456 981 1557; baseline 0.001 -21"><span class='ocrx_word' id='word_1_67' title='bbox 68 1476 158 1537; x_wconf 84' lang='lat' dir='ltr'><strong>sltem</strong></span> <span class='ocrx_word' id='word_1_68' title='bbox 189 1493 261 1536; x_wconf 87' lang='lat' dir='ltr'><strong>esse</strong></span> <span class='ocrx_word' id='word_1_69' title='bbox 292 1474 388 1534; x_wconf 84' lang='lat' dir='ltr'><strong>iidem</strong></span> <span class='ocrx_word' id='word_1_70' title='bbox 414 1475 651 1552; x_wconf 81' lang='lat' dir='ltr'><strong>intellexeruut,</strong></span> <span class='ocrx_word' id='word_1_71' title='bbox 683 1497 743 1557; x_wconf 85' lang='lat' dir='ltr'><strong>qus</strong></span> <span class='ocrx_word' id='word_1_72' title='bbox 764 1476 804 1536; x_wconf 86' lang='lat' dir='ltr'><strong>de</strong></span> <span class='ocrx_word' id='word_1_73' title='bbox 826 1456 919 1537; x_wconf 84' lang='lat' dir='ltr'><strong>ceusu</strong></span> <span class='ocrx_word' id='word_1_74' title='bbox 948 1478 981 1537; x_wconf 84' lang='lat' dir='ltr'><strong>et</strong></span> 
     </span>
     <span class='ocr_line' id='line_1_13' title="bbox 65 1578 978 1663; baseline 0.002 -23"><span class='ocrx_word' id='word_1_75' title='bbox 65 1581 97 1640; x_wconf 89' lang='lat' dir='ltr'><strong>in</strong></span> <span class='ocrx_word' id='word_1_76' title='bbox 125 1578 300 1640; x_wconf 84' lang='lat' dir='ltr'><strong>universum</strong></span> <span class='ocrx_word' id='word_1_77' title='bbox 328 1578 535 1658; x_wconf 76' lang='lat' dir='ltr'><strong>elicuerunt,</strong></span> <span class='ocrx_word' id='word_1_78' title='bbox 568 1578 674 1663; x_wconf 82' lang='lat' dir='ltr'><strong>“quod</strong></span> <span class='ocrx_word' id='word_1_79' title='bbox 696 1580 893 1660; x_wconf 70' lang='lat' dir='ltr'><strong>quaerendum</strong></span> <span class='ocrx_word' id='word_1_80' title='bbox 915 1598 978 1642; x_wconf 94' lang='lat' dir='ltr'><strong>non</strong></span> 
     </span>
     <span class='ocr_line' id='line_1_14' title="bbox 66 1683 976 1765; baseline 0.001 -19"><span class='ocrx_word' id='word_1_81' title='bbox 66 1685 125 1760; x_wconf 88' lang='lat' dir='ltr'><strong>sit,</strong></span> <span class='ocrx_word' id='word_1_82' title='bbox 158 1683 227 1763; x_wconf 87' lang='lat' dir='ltr'><strong>quis</strong></span> <span class='ocrx_word' id='word_1_83' title='bbox 249 1683 470 1762; x_wconf 68' lang='lat' dir='ltr'><strong>baptizaverit,</strong></span> <span class='ocrx_word' id='word_1_84' title='bbox 501 1686 624 1765; x_wconf 81' lang='lat' dir='ltr'><strong>quando</strong></span> <span class='ocrx_word' id='word_1_85' title='bbox 651 1686 696 1760; x_wconf 88' lang='lat' dir='ltr'><strong>is,</strong></span> <span class='ocrx_word' id='word_1_86' title='bbox 728 1685 780 1764; x_wconf 93' lang='lat' dir='ltr'><strong>qui</strong></span> <span class='ocrx_word' id='word_1_87' title='bbox 802 1686 976 1764; x_wconf 75' lang='lat' dir='ltr'><strong>baptizatus</strong></span> 
     </span>
     <span class='ocr_line' id='line_1_15' title="bbox 64 1787 977 1873; baseline -0.001 -23"><span class='ocrx_word' id='word_1_88' title='bbox 64 1789 123 1862; x_wconf 83' lang='lat' dir='ltr'><strong>sit,</strong></span> <span class='ocrx_word' id='word_1_89' title='bbox 156 1787 300 1867; x_wconf 78' lang='lat' dir='ltr'><strong>occipere</strong></span> <span class='ocrx_word' id='word_1_90' title='bbox 325 1788 487 1848; x_wconf 82' lang='lat' dir='ltr'><strong>r&#39;cmissum</strong></span> <span class='ocrx_word' id='word_1_91' title='bbox 519 1797 715 1870; x_wconf 77' lang='lat' dir='ltr'><strong>peccatorum</strong></span> <span class='ocrx_word' id='word_1_92' title='bbox 738 1789 897 1873; x_wconf 88' lang='lat' dir='ltr'><strong>potuerit,</strong></span> <span class='ocrx_word' id='word_1_93' title='bbox 928 1809 977 1850; x_wconf 86' lang='lat' dir='ltr'><strong>se-</strong></span> 
     </span>
     <span class='ocr_line' id='line_1_16' title="bbox 63 1889 978 1973; baseline -0.003 -17"><span class='ocrx_word' id='word_1_94' title='bbox 63 1890 204 1956; x_wconf 77' lang='lat' dir='ltr'><strong>eundum</strong></span> <span class='ocrx_word' id='word_1_95' title='bbox 222 1890 307 1972; x_wconf 82' lang='lat' dir='ltr'><strong>quod</strong></span> <span class='ocrx_word' id='word_1_96' title='bbox 320 1889 499 1964; x_wconf 72' lang='lat' dir='ltr'><strong>credids‘i,”⁸</strong></span> <span class='ocrx_word' id='word_1_97' title='bbox 524 1903 557 1955; x_wconf 84' lang='lat' dir='ltr'><strong>et</strong></span> <span class='ocrx_word' id='word_1_98' title='bbox 575 1895 607 1954; x_wconf 92' lang='lat' dir='ltr'><strong>in</strong></span> <span class='ocrx_word' id='word_1_99' title='bbox 625 1892 732 1973; x_wconf 87' lang='lat' dir='ltr'><strong>specle</strong></span> <span class='ocrx_word' id='word_1_100' title='bbox 753 1892 791 1953; x_wconf 85' lang='lat' dir='ltr'><strong>sd</strong></span> <span class='ocrx_word' id='word_1_101' title='bbox 813 1892 978 1955; x_wconf 80' lang='lat' dir='ltr'><strong>lraercticos</strong></span> 
     </span>
     <span class='ocr_line' id='line_1_17' title="bbox 64 1996 976 2077; baseline -0.001 -19"><span class='ocrx_word' id='word_1_102' title='bbox 64 1996 343 2074; x_wconf 66' lang='lat' dir='ltr'><strong>schismaticosque</strong></span> <span class='ocrx_word' id='word_1_103' title='bbox 361 1998 583 2077; x_wconf 73' lang='lat' dir='ltr'><strong>respicientes,</strong></span> <span class='ocrx_word' id='word_1_104' title='bbox 606 2001 717 2072; x_wconf 85' lang='lat' dir='ltr'><strong>“eum,</strong></span> <span class='ocrx_word' id='word_1_105' title='bbox 740 1999 792 2076; x_wconf 91' lang='lat' dir='ltr'><strong>qui</strong></span> <span class='ocrx_word' id='word_1_106' title='bbox 805 1997 976 2076; x_wconf 85' lang='lat' dir='ltr'><strong>quomodo-</strong></span> 
     </span>
    </p>
   </div>
   <div class='ocr_carea' id='block_1_3' title="bbox 63 2098 975 2201">
    <p class='ocr_par' dir='ltr' id='par_1_4' title="bbox 63 2098 975 2201">
     <span class='ocr_line' id='line_1_18' title="bbox 63 2098 975 2201; baseline -0.003 -38"><span class='ocrx_word' id='word_1_107' title='bbox 63 2118 185 2181; x_wconf 84' lang='lat' dir='ltr'><strong>cunque</strong></span> <span class='ocrx_word' id='word_1_108' title='bbox 205 2098 286 2161; x_wconf 88' lang='lat' dir='ltr'><strong>loris</strong></span> <span class='ocrx_word' id='word_1_109' title='bbox 308 2098 505 2183; x_wconf 74' lang='lat' dir='ltr'><strong>baptizetur,</strong></span> <span class='ocrx_word' id='word_1_110' title='bbox 531 2111 636 2165; x_wconf 79' lang='lat' dir='ltr'><strong>ments</strong></span> <span class='ocrx_word' id='word_1_111' title='bbox 662 2109 695 2162; x_wconf 85' lang='lat' dir='ltr'><strong>et</strong></span> <span class='ocrx_word' id='word_1_112' title='bbox 714 2099 785 2183; x_wconf 80' lang='lat' dir='ltr'><strong>fide</strong></span> <span class='ocrx_word' id='word_1_113' title='bbox 811 2102 975 2201; x_wconf 19' lang='lat' dir='ltr'><strong>sua-bsp-</strong></span> 
     </span>
    </p>
   </div>
   <div class='ocr_carea' id='block_1_4' title="bbox 57 2387 975 3823">
    <p class='ocr_par' dir='ltr' id='par_1_5' title="bbox 97 2387 419 2459">
     <span class='ocr_line' id='line_1_19' title="bbox 97 2387 419 2459; baseline 0 -17"><span class='ocrx_word' id='word_1_114' title='bbox 97 2392 124 2456; x_wconf 90' lang='lat'><strong>¹)</strong></span> <span class='ocrx_word' id='word_1_115' title='bbox 143 2389 195 2459; x_wconf 72' lang='lat' dir='ltr'><strong>Ep.</strong></span> <span class='ocrx_word' id='word_1_116' title='bbox 212 2389 257 2454; x_wconf 73' lang='lat'><strong>¹16,</strong></span> <span class='ocrx_word' id='word_1_117' title='bbox 275 2405 340 2458; x_wconf 73' lang='lat' dir='ltr'><strong>pog.</strong></span> <span class='ocrx_word' id='word_1_118' title='bbox 356 2387 419 2444; x_wconf 85' lang='grc'><strong>221.</strong></span> 
     </span>
    </p>

    <p class='ocr_par' dir='ltr' id='par_1_6' title="bbox 57 2427 975 3653">
     <span class='ocr_line' id='line_1_20' title="bbox 95 2427 974 2565; baseline -0.005 -28"><span class='ocrx_word' id='word_1_119' title='bbox 95 2484 121 2548; x_wconf 83' lang='lat'><strong>¹)</strong></span> <span class='ocrx_word' id='word_1_120' title='bbox 140 2484 193 2551; x_wconf 81' lang='lat' dir='ltr'><strong>Ep.</strong></span> <span class='ocrx_word' id='word_1_121' title='bbox 213 2480 262 2546; x_wconf 73' lang='lat' dir='ltr'><strong>lu,</strong></span> <span class='ocrx_word' id='word_1_122' title='bbox 287 2498 351 2549; x_wconf 77' lang='lat' dir='ltr'><strong>pag.</strong></span> <span class='ocrx_word' id='word_1_123' title='bbox 369 2479 438 2550; x_wconf 77' lang='grc' dir='ltr'><strong>20ος</strong></span> <span class='ocrx_word' id='word_1_124' title='bbox 465 2484 517 2537; x_wconf 85' lang='lat' dir='ltr'><strong>eir.</strong></span> <span class='ocrx_word' id='word_1_125' title='bbox 542 2501 607 2554; x_wconf 71' lang='lat' dir='ltr'><strong>psg.</strong></span> <span class='ocrx_word' id='word_1_126' title='bbox 624 2482 684 2543; x_wconf 73' lang='grc'><strong>200.</strong></span> <span class='ocrx_word' id='word_1_127' title='bbox 719 2480 877 2537; x_wconf 83' lang='lat' dir='ltr'><strong>Verisimile</strong></span> <span class='ocrx_word' id='word_1_128' title='bbox 901 2427 974 2565; x_wconf 75' lang='lat' dir='ltr'><strong>milq</strong></span> 
     </span>
     <span class='ocr_line' id='line_1_21' title="bbox 60 2572 974 2639; baseline -0.003 -10"><span class='ocrx_word' id='word_1_129' title='bbox 60 2574 185 2639; x_wconf 77' lang='lat' dir='ltr'><strong>ridetur,</strong></span> <span class='ocrx_word' id='word_1_130' title='bbox 210 2574 308 2627; x_wconf 82' lang='lat' dir='ltr'><strong>verbe·</strong></span> <span class='ocrx_word' id='word_1_131' title='bbox 336 2572 411 2626; x_wconf 91' lang='lat' dir='ltr'><strong>“imo</strong></span> <span class='ocrx_word' id='word_1_132' title='bbox 436 2580 531 2628; x_wconf 83' lang='lat' dir='ltr'><strong>contre</strong></span> <span class='ocrx_word' id='word_1_133' title='bbox 553 2575 725 2638; x_wconf 43' lang='lat' dir='ltr'><strong>ecclesium&amp;</strong></span> <span class='ocrx_word' id='word_1_134' title='bbox 756 2575 974 2630; x_wconf 80' lang='lat' dir='ltr'><strong>utlditumeuturn</strong></span> 
     </span>
     <span class='ocr_line' id='line_1_22' title="bbox 60 2664 975 2751; baseline -0.003 -30"><span class='ocrx_word' id='word_1_135' title='bbox 60 2685 119 2721; x_wconf 84' lang='lat' dir='ltr'><strong>csse</strong></span> <span class='ocrx_word' id='word_1_136' title='bbox 137 2664 285 2735; x_wconf 79' lang='lat' dir='ltr'><strong>Cypriuui,</strong></span> <span class='ocrx_word' id='word_1_137' title='bbox 303 2664 392 2718; x_wconf 86' lang='lat' dir='ltr'><strong>ulteru</strong></span> <span class='ocrx_word' id='word_1_138' title='bbox 411 2665 484 2719; x_wconf 82' lang='lat' dir='ltr'><strong>onim</strong></span> <span class='ocrx_word' id='word_1_139' title='bbox 502 2683 533 2720; x_wconf 84' lang='lat' dir='ltr'><strong>ex</strong></span> <span class='ocrx_word' id='word_1_140' title='bbox 549 2671 627 2735; x_wconf 84' lang='lat' dir='ltr'><strong>purte</strong></span> <span class='ocrx_word' id='word_1_141' title='bbox 645 2684 698 2733; x_wconf 85' lang='lat' dir='ltr'><strong>nou</strong></span> <span class='ocrx_word' id='word_1_142' title='bbox 717 2665 902 2737; x_wconf 76' lang='lat' dir='ltr'><strong>intelligitur,</strong></span> <span class='ocrx_word' id='word_1_143' title='bbox 920 2680 975 2751; x_wconf 75' lang='lat' dir='ltr'><strong>quq</strong></span> 
     </span>
     <span class='ocr_line' id='line_1_23' title="bbox 61 2756 974 2845; baseline 0 -34"><span class='ocrx_word' id='word_1_144' title='bbox 61 2760 92 2812; x_wconf 81' lang='lat' dir='ltr'><strong>lc</strong></span> <span class='ocrx_word' id='word_1_145' title='bbox 108 2773 193 2810; x_wconf 81' lang='lat' dir='ltr'><strong>ceusu</strong></span> <span class='ocrx_word' id='word_1_146' title='bbox 203 2756 360 2825; x_wconf 86' lang='lat' dir='ltr'><strong>Stephcnus</strong></span> <span class='ocrx_word' id='word_1_147' title='bbox 378 2757 434 2810; x_wconf 82' lang='lat' dir='ltr'><strong>lueo</strong></span> <span class='ocrx_word' id='word_1_148' title='bbox 451 2759 535 2810; x_wconf 79' lang='lat' dir='ltr'><strong>rsrbu</strong></span> <span class='ocrx_word' id='word_1_149' title='bbox 552 2757 725 2828; x_wconf 74' lang='lat' dir='ltr'><strong>scripsisset,</strong></span> <span class='ocrx_word' id='word_1_150' title='bbox 745 2777 804 2826; x_wconf 77' lang='lat' dir='ltr'><strong>que</strong></span> <span class='ocrx_word' id='word_1_151' title='bbox 822 2761 919 2827; x_wconf 83' lang='lat' dir='ltr'><strong>(quum</strong></span> <span class='ocrx_word' id='word_1_152' title='bbox 938 2757 974 2845; x_wconf 78' lang='lat' dir='ltr'><strong>ils</strong></span> 
     </span>
     <span class='ocr_line' id='line_1_24' title="bbox 61 2847 973 2918; baseline -0.002 -16"><span class='ocrx_word' id='word_1_153' title='bbox 61 2858 151 2903; x_wconf 78' lang='lat' dir='ltr'><strong>tusrsen</strong></span> <span class='ocrx_word' id='word_1_154' title='bbox 173 2847 340 2916; x_wconf 72' lang='lat' dir='ltr'><strong>baptismum</strong></span> <span class='ocrx_word' id='word_1_155' title='bbox 366 2856 442 2902; x_wconf 75' lang='lat' dir='ltr'><strong>estro</strong></span> <span class='ocrx_word' id='word_1_156' title='bbox 461 2848 601 2903; x_wconf 84' lang='lat' dir='ltr'><strong>ecclesium</strong></span> <span class='ocrx_word' id='word_1_157' title='bbox 624 2867 641 2903; x_wconf 88' lang='lat' dir='ltr'><strong>u</strong></span> <span class='ocrx_word' id='word_1_158' title='bbox 663 2850 800 2918; x_wconf 77' lang='lat' dir='ltr'><strong>lruptismo</strong></span> <span class='ocrx_word' id='word_1_159' title='bbox 818 2857 912 2902; x_wconf 80' lang='lat' dir='ltr'><strong>eontra</strong></span> <span class='ocrx_word' id='word_1_160' title='bbox 929 2866 973 2900; x_wconf 87' lang='lat' dir='ltr'><strong>ec-</strong></span> 
     </span>
     <span class='ocr_line' id='line_1_25' title="bbox 59 2928 974 3008; baseline -0.001 -16"><span class='ocrx_word' id='word_1_161' title='bbox 59 2940 175 2993; x_wconf 82' lang='lat' dir='ltr'><strong>clcsienr</strong></span> <span class='ocrx_word' id='word_1_162' title='bbox 189 2936 359 3004; x_wconf 69' lang='lat' dir='ltr'><strong>discernere,</strong></span> <span class='ocrx_word' id='word_1_163' title='bbox 385 2940 411 2992; x_wconf 86' lang='lat' dir='ltr'><strong>ei</strong></span> <span class='ocrx_word' id='word_1_164' title='bbox 436 2940 465 2993; x_wconf 90' lang='lat' dir='ltr'><strong>in</strong></span> <span class='ocrx_word' id='word_1_165' title='bbox 489 2946 607 2994; x_wconf 84' lang='lat' dir='ltr'><strong>mentem</strong></span> <span class='ocrx_word' id='word_1_166' title='bbox 625 2941 720 2994; x_wconf 84' lang='lat' dir='ltr'><strong>venire</strong></span> <span class='ocrx_word' id='word_1_167' title='bbox 743 2941 817 2993; x_wconf 78' lang='lat' dir='ltr'><strong>lruucl</strong></span> <span class='ocrx_word' id='word_1_168' title='bbox 837 2928 974 3008; x_wconf 72' lang='lat' dir='ltr'><strong>potuer-iij</strong></span> 
     </span>
     <span class='ocr_line' id='line_1_26' title="bbox 60 3031 972 3102; baseline -0.002 -18"><span class='ocrx_word' id='word_1_169' title='bbox 60 3032 102 3084; x_wconf 91' lang='lat' dir='ltr'><strong>nil</strong></span> <span class='ocrx_word' id='word_1_170' title='bbox 120 3031 197 3084; x_wconf 82' lang='lat' dir='ltr'><strong>uliud</strong></span> <span class='ocrx_word' id='word_1_171' title='bbox 214 3031 385 3098; x_wconf 78' lang='lat' dir='ltr'><strong>effecissent,</strong></span> <span class='ocrx_word' id='word_1_172' title='bbox 416 3049 498 3102; x_wconf 87' lang='lat' dir='ltr'><strong>quum</strong></span> <span class='ocrx_word' id='word_1_173' title='bbox 523 3041 553 3086; x_wconf 90' lang='lat' dir='ltr'><strong>ut</strong></span> <span class='ocrx_word' id='word_1_174' title='bbox 576 3033 726 3087; x_wconf 81' lang='lat' dir='ltr'><strong>utlvcrsurii</strong></span> <span class='ocrx_word' id='word_1_175' title='bbox 750 3032 841 3101; x_wconf 77' lang='lat' dir='ltr'><strong>magis</strong></span> <span class='ocrx_word' id='word_1_176' title='bbox 863 3048 972 3084; x_wconf 78' lang='lat' dir='ltr'><strong>exacer-</strong></span> 
     </span>
     <span class='ocr_line' id='line_1_27' title="bbox 59 3122 973 3195; baseline 0.001 -20"><span class='ocrx_word' id='word_1_177' title='bbox 59 3122 206 3188; x_wconf 63' lang='lat' dir='ltr'><strong>besentun</strong></span> <span class='ocrx_word' id='word_1_178' title='bbox 233 3141 264 3175; x_wconf 85' lang='lat' dir='ltr'><strong>ex</strong></span> <span class='ocrx_word' id='word_1_179' title='bbox 289 3124 378 3177; x_wconf 87' lang='lat' dir='ltr'><strong>ulteru</strong></span> <span class='ocrx_word' id='word_1_180' title='bbox 400 3124 484 3178; x_wconf 83' lang='lat' dir='ltr'><strong>iucile</strong></span> <span class='ocrx_word' id='word_1_181' title='bbox 509 3131 637 3195; x_wconf 79' lang='lat' dir='ltr'><strong>suppuret,</strong></span> <span class='ocrx_word' id='word_1_182' title='bbox 664 3126 798 3193; x_wconf 81' lang='lat' dir='ltr'><strong>quomodo</strong></span> <span class='ocrx_word' id='word_1_183' title='bbox 817 3123 973 3192; x_wconf 83' lang='lat' dir='ltr'><strong>Cyprianus</strong></span> 
     </span>
     <span class='ocr_line' id='line_1_28' title="bbox 57 3214 972 3284; baseline 0.004 -19"><span class='ocrx_word' id='word_1_184' title='bbox 57 3214 91 3265; x_wconf 84' lang='lat' dir='ltr'><strong>ud</strong></span> <span class='ocrx_word' id='word_1_185' title='bbox 107 3231 140 3266; x_wconf 84' lang='lat' dir='ltr'><strong>ou</strong></span> <span class='ocrx_word' id='word_1_186' title='bbox 155 3216 314 3282; x_wconf 84' lang='lat' dir='ltr'><strong>opponendo</strong></span> <span class='ocrx_word' id='word_1_187' title='bbox 331 3217 434 3281; x_wconf 83' lang='lat' dir='ltr'><strong>ubsque</strong></span> <span class='ocrx_word' id='word_1_188' title='bbox 445 3217 519 3269; x_wconf 87' lang='lat' dir='ltr'><strong>omni</strong></span> <span class='ocrx_word' id='word_1_189' title='bbox 539 3217 603 3269; x_wconf 82' lang='lat' dir='ltr'><strong>dolo</strong></span> <span class='ocrx_word' id='word_1_190' title='bbox 617 3216 715 3270; x_wconf 69' lang='lat' dir='ltr'><strong>silom</strong></span> <span class='ocrx_word' id='word_1_191' title='bbox 734 3215 868 3284; x_wconf 70' lang='lat' dir='ltr'><strong>potuerit,</strong></span> <span class='ocrx_word' id='word_1_192' title='bbox 887 3232 972 3282; x_wconf 90' lang='lat' dir='ltr'><strong>quum</strong></span> 
     </span>
     <span class='ocr_line' id='line_1_29' title="bbox 59 3294 971 3375; baseline 0.004 -19"><span class='ocrx_word' id='word_1_193' title='bbox 59 3305 142 3371; x_wconf 83' lang='lat' dir='ltr'><strong>euim,</strong></span> <span class='ocrx_word' id='word_1_194' title='bbox 162 3304 250 3372; x_wconf 79' lang='lat' dir='ltr'><strong>ipsius</strong></span> <span class='ocrx_word' id='word_1_195' title='bbox 261 3296 399 3375; x_wconf 70' lang='lat' dir='ltr'><strong>opiu&#39;i‘onc,</strong></span> <span class='ocrx_word' id='word_1_196' title='bbox 416 3314 492 3360; x_wconf 74' lang='lat' dir='ltr'><strong>extra</strong></span> <span class='ocrx_word' id='word_1_197' title='bbox 500 3309 653 3374; x_wconf 82' lang='lat' dir='ltr'><strong>ecclesium,</strong></span> <span class='ocrx_word' id='word_1_198' title='bbox 671 3308 769 3363; x_wconf 81' lang='lat' dir='ltr'><strong>lruliit&#39;o</strong></span> <span class='ocrx_word' id='word_1_199' title='bbox 778 3294 971 3360; x_wconf 73' lang='lat' dir='ltr'><strong>hereticorum</strong></span> 
     </span>
     <span class='ocr_line' id='line_1_30' title="bbox 57 3378 974 3468; baseline 0.003 -20"><span class='ocrx_word' id='word_1_200' title='bbox 57 3390 201 3464; x_wconf 83' lang='lat' dir='ltr'><strong>respectu,</strong></span> <span class='ocrx_word' id='word_1_201' title='bbox 231 3397 302 3450; x_wconf 77' lang='lat' dir='ltr'><strong>illem</strong></span> <span class='ocrx_word' id='word_1_202' title='bbox 324 3390 362 3452; x_wconf 84' lang='lat' dir='ltr'><strong>slt</strong></span> <span class='ocrx_word' id='word_1_203' title='bbox 383 3416 416 3452; x_wconf 85' lang='lat' dir='ltr'><strong>uo</strong></span> <span class='ocrx_word' id='word_1_204' title='bbox 436 3407 531 3463; x_wconf 73' lang='lat' dir='ltr'><strong>contro</strong></span> <span class='ocrx_word' id='word_1_205' title='bbox 545 3400 719 3466; x_wconf 66' lang='lat' dir='ltr'><strong>ecclesium,</strong></span> <span class='ocrx_word' id='word_1_206' title='bbox 732 3399 792 3452; x_wconf 88' lang='lat' dir='ltr'><strong>lieri</strong></span> <span class='ocrx_word' id='word_1_207' title='bbox 811 3398 915 3468; x_wconf 81' lang='lat' dir='ltr'><strong>poluit,</strong></span> <span class='ocrx_word' id='word_1_208' title='bbox 941 3378 974 3451; x_wconf 70' lang='lat' dir='ltr'><strong>ui</strong></span> 
     </span>
     <span class='ocr_line' id='line_1_31' title="bbox 60 3472 974 3562; baseline 0 -22"><span class='ocrx_word' id='word_1_209' title='bbox 60 3489 111 3541; x_wconf 77' lang='lat' dir='ltr'><strong>lucc</strong></span> <span class='ocrx_word' id='word_1_210' title='bbox 135 3476 276 3559; x_wconf 75' lang='lat' dir='ltr'><strong>epexegcsi</strong></span> <span class='ocrx_word' id='word_1_211' title='bbox 293 3491 503 3559; x_wconf 76' lang='lat' dir='ltr'><strong>perversitatem</strong></span> <span class='ocrx_word' id='word_1_212' title='bbox 526 3498 555 3546; x_wconf 85' lang='lat' dir='ltr'><strong>st</strong></span> <span class='ocrx_word' id='word_1_213' title='bbox 574 3472 744 3562; x_wconf 77' lang='lat' dir='ltr'><strong>impietatem</strong></span> <span class='ocrx_word' id='word_1_214' title='bbox 762 3490 894 3544; x_wconf 75' lang='lat' dir='ltr'><strong>doctrine</strong></span> <span class='ocrx_word' id='word_1_215' title='bbox 911 3488 974 3541; x_wconf 81' lang='lat' dir='ltr'><strong>Sto-¹</strong></span> 
     </span>
     <span class='ocr_line' id='line_1_32' title="bbox 60 3574 879 3653; baseline 0.012 -23"><span class='ocrx_word' id='word_1_216' title='bbox 60 3579 145 3646; x_wconf 85' lang='lat' dir='ltr'><strong>plruni</strong></span> <span class='ocrx_word' id='word_1_217' title='bbox 164 3581 254 3650; x_wconf 72' lang='lat' dir='ltr'><strong>magis</strong></span> <span class='ocrx_word' id='word_1_218' title='bbox 272 3578 446 3653; x_wconf 77' lang='lat' dir='ltr'><strong>perspicuam</strong></span> <span class='ocrx_word' id='word_1_219' title='bbox 464 3585 576 3638; x_wconf 80' lang='lat' dir='ltr'><strong>reddero</strong></span> <span class='ocrx_word' id='word_1_220' title='bbox 594 3574 722 3638; x_wconf 77' lang='lat' dir='ltr'><strong>rolricrlt.</strong></span> <span class='ocrx_word' id='word_1_221' title='bbox 790 3586 793 3593; x_wconf 89' lang='lat'>&#39;</span> <span class='ocrx_word' id='word_1_222' title='bbox 875 3584 879 3595; x_wconf 71' lang='lat'><strong>⁴</strong></span> 
     </span>
    </p>

    <p class='ocr_par' dir='ltr' id='par_1_7' title="bbox 96 3671 411 3743">
     <span class='ocr_line' id='line_1_33' title="bbox 96 3671 411 3743; baseline 0.006 -17"><span class='ocrx_word' id='word_1_223' title='bbox 96 3674 122 3735; x_wconf 83' lang='lat'><strong>⁸)</strong></span> <span class='ocrx_word' id='word_1_224' title='bbox 140 3671 190 3740; x_wconf 81' lang='lat' dir='ltr'><strong>Ep.</strong></span> <span class='ocrx_word' id='word_1_225' title='bbox 209 3671 252 3738; x_wconf 76' lang='lat' dir='ltr'><strong>lo,</strong></span> <span class='ocrx_word' id='word_1_226' title='bbox 271 3689 333 3743; x_wconf 74' lang='lat' dir='ltr'><strong>pag.</strong></span> <span class='ocrx_word' id='word_1_227' title='bbox 353 3675 411 3729; x_wconf 78' lang='lat' dir='ltr'><strong>loo.</strong></span> 
     </span>
    </p>

    <p class='ocr_par' dir='ltr' id='par_1_8' title="bbox 740 3770 774 3823">
     <span class='ocr_line' id='line_1_34' title="bbox 740 3770 774 3823; baseline -0.059 0"><span class='ocrx_word' id='word_1_228' title='bbox 740 3770 774 3823; x_wconf 90' lang='lat' dir='ltr'><strong>ll</strong></span> 
     </span>
    </p>
   </div>
   <div class='ocr_carea' id='block_1_5' title="bbox 0 0 1122 4184">
    <p class='ocr_par' dir='ltr' id='par_1_9' title="bbox 0 0 1122 4184">
     <span class='ocr_line' id='line_1_35' title="bbox 0 0 1122 4184; baseline 0 0"><span class='ocrx_word' id='word_1_229' title='bbox 0 0 1122 4184; x_wconf 95' lang='lat' dir='ltr'><strong> </strong></span> 
     </span>
    </p>
   </div>
  </div>
 </body>
</html>
