<?xml version="1.0" encoding="UTF-8"?>
<!DOCTYPE html PUBLIC "-//W3C//DTD XHTML 1.0 Transitional//EN"
    "http://www.w3.org/TR/xhtml1/DTD/xhtml1-transitional.dtd">
<html xmlns="http://www.w3.org/1999/xhtml" xml:lang="en" lang="en">
 <head>
  <title>
</title>
<meta http-equiv="Content-Type" content="text/html;charset=utf-8" />
  <meta name='ocr-system' content='tesseract 3.04.00' />
  <meta name='ocr-capabilities' content='ocr_page ocr_carea ocr_par ocr_line ocrx_word'/>
</head>
<body>
  <div class='ocr_page' id='page_1' title='image "./devieteffectibu00schugoog_0167.png"; bbox 0 0 2236 4184; ppageno 0'>
   <div class='ocr_carea' id='block_1_1' title="bbox 320 237 719 329">
    <p class='ocr_par' dir='ltr' id='par_1_1' title="bbox 320 237 719 329">
     <span class='ocr_line' id='line_1_1' title="bbox 320 237 719 329; baseline 0.003 -12"><span class='ocrx_word' id='word_1_1' title='bbox 320 237 719 329; x_wconf 72' lang='lat' dir='ltr'><strong>,ror&#39;</strong></span> 
     </span>
    </p>
   </div>
   <div class='ocr_carea' id='block_1_2' title="bbox 21 445 1015 1992">
    <p class='ocr_par' dir='ltr' id='par_1_2' title="bbox 21 445 1015 1992">
     <span class='ocr_line' id='line_1_2' title="bbox 21 445 1015 533; baseline -0.002 -23"><span class='ocrx_word' id='word_1_2' title='bbox 21 529 24 533; x_wconf 20' lang='grc' dir='ltr'><strong><em>Ι</em></strong></span> <span class='ocrx_word' id='word_1_3' title='bbox 106 457 198 529; x_wconf 73' lang='lat' dir='ltr'><strong>utque</strong></span> <span class='ocrx_word' id='word_1_4' title='bbox 217 450 339 528; x_wconf 76' lang='lat' dir='ltr'><strong>integro</strong></span> <span class='ocrx_word' id='word_1_5' title='bbox 359 467 452 529; x_wconf 83' lang='lat' dir='ltr'><strong>posse</strong></span> <span class='ocrx_word' id='word_1_6' title='bbox 474 445 687 528; x_wconf 81' lang='lat' dir='ltr'><strong>pervenire:”1</strong></span> <span class='ocrx_word' id='word_1_7' title='bbox 721 448 812 527; x_wconf 81' lang='lat' dir='ltr'><strong>piene</strong></span> <span class='ocrx_word' id='word_1_8' title='bbox 833 453 937 511; x_wconf 82' lang='lat' dir='ltr'><strong>tomen</strong></span> <span class='ocrx_word' id='word_1_9' title='bbox 958 467 1015 525; x_wconf 78' lang='lat' dir='ltr'><strong>sp·</strong></span> 
     </span>
     <span class='ocr_line' id='line_1_3' title="bbox 104 537 1015 634; baseline -0.001 -20"><span class='ocrx_word' id='word_1_10' title='bbox 104 559 209 634; x_wconf 73' lang='lat' dir='ltr'><strong>peret,</strong></span> <span class='ocrx_word' id='word_1_11' title='bbox 231 573 315 627; x_wconf 77' lang='lat' dir='ltr'><strong>erm,</strong></span> <span class='ocrx_word' id='word_1_12' title='bbox 338 554 553 614; x_wconf 77' lang='lat' dir='ltr'><strong>“correctione</strong></span> <span class='ocrx_word' id='word_1_13' title='bbox 574 554 690 614; x_wconf 86' lang='lat' dir='ltr'><strong>erroris</strong></span> <span class='ocrx_word' id='word_1_14' title='bbox 710 537 1015 632; x_wconf 57' lang='lat' dir='ltr'><strong>e‘t‘sgnitione-iidei</strong></span> 
     </span>
     <span class='ocr_line' id='line_1_4' title="bbox 104 658 1014 737; baseline -0.001 -21"><span class='ocrx_word' id='word_1_15' title='bbox 104 658 245 719; x_wconf 81' lang='lat' dir='ltr'><strong>veritatis</strong></span> <span class='ocrx_word' id='word_1_16' title='bbox 267 666 300 718; x_wconf 84' lang='lat' dir='ltr'><strong>et</strong></span> <span class='ocrx_word' id='word_1_17' title='bbox 320 658 565 719; x_wconf 71' lang='lat' dir='ltr'><strong>abscisss&#39;omui</strong></span> <span class='ocrx_word' id='word_1_18' title='bbox 594 659 665 717; x_wconf 74' lang='lat' dir='ltr'><strong>iube</strong></span> <span class='ocrx_word' id='word_1_19' title='bbox 691 658 856 737; x_wconf 77' lang='lat' dir='ltr'><strong>praeteritoe</strong></span> <span class='ocrx_word' id='word_1_20' title='bbox 883 677 1014 719; x_wconf 85' lang='lat' dir='ltr'><strong>couver-</strong></span> 
     </span>
     <span class='ocr_line' id='line_1_5' title="bbox 105 761 1015 841; baseline -0.001 -18"><span class='ocrx_word' id='word_1_21' title='bbox 105 763 245 836; x_wconf 81' lang='lat' dir='ltr'><strong>estionis‚</strong></span> <span class='ocrx_word' id='word_1_22' title='bbox 268 763 415 841; x_wconf 76' lang='lat' dir='ltr'><strong>mysterio</strong></span> <span class='ocrx_word' id='word_1_23' title='bbox 431 761 489 821; x_wconf 78' lang='lat' dir='ltr'><strong>uei</strong></span> <span class='ocrx_word' id='word_1_24' title='bbox 509 762 589 822; x_wconf 83' lang='lat' dir='ltr'><strong>circe</strong></span> <span class='ocrx_word' id='word_1_25' title='bbox 611 761 767 840; x_wconf 85' lang='lat' dir='ltr'><strong>ejusmodi</strong></span> <span class='ocrx_word' id='word_1_26' title='bbox 787 763 929 823; x_wconf 84' lang='lat' dir='ltr'><strong>homiues</strong></span> <span class='ocrx_word' id='word_1_27' title='bbox 951 764 1015 822; x_wconf 81' lang='lat' dir='ltr'><strong>ritu</strong></span> 
     </span>
     <span class='ocr_line' id='line_1_6' title="bbox 104 867 1014 947; baseline 0 -21"><span class='ocrx_word' id='word_1_28' title='bbox 104 873 331 947; x_wconf 74' lang='lat' dir='ltr'><strong>perpetratum,</strong></span> <span class='ocrx_word' id='word_1_29' title='bbox 351 867 470 940; x_wconf 85' lang='lat' dir='ltr'><strong>iocum,</strong></span> <span class='ocrx_word' id='word_1_30' title='bbox 490 886 582 946; x_wconf 84' lang='lat' dir='ltr'><strong>quem</strong></span> <span class='ocrx_word' id='word_1_31' title='bbox 599 867 747 927; x_wconf 80' lang='lat' dir='ltr'><strong>-brbituro</strong></span> <span class='ocrx_word' id='word_1_32' title='bbox 767 885 829 927; x_wconf 92' lang='lat' dir='ltr'><strong>nou</strong></span> <span class='ocrx_word' id='word_1_33' title='bbox 851 874 934 940; x_wconf 73' lang='lat' dir='ltr'><strong>erut,</strong></span> <span class='ocrx_word' id='word_1_34' title='bbox 955 867 1014 926; x_wconf 93' lang='lat' dir='ltr'><strong>ob-</strong></span> 
     </span>
     <span class='ocr_line' id='line_1_7' title="bbox 103 951 1014 1050; baseline -0.003 -17"><span class='ocrx_word' id='word_1_35' title='bbox 103 972 221 1045; x_wconf 83' lang='lat' dir='ltr'><strong>tinere,</strong></span> <span class='ocrx_word' id='word_1_36' title='bbox 251 979 284 1030; x_wconf 88' lang='lat' dir='ltr'><strong>et</strong></span> <span class='ocrx_word' id='word_1_37' title='bbox 310 951 468 1050; x_wconf 83' lang='lat' dir='ltr'><strong>postremo</strong></span> <span class='ocrx_word' id='word_1_38' title='bbox 495 972 527 1032; x_wconf 91' lang='lat' dir='ltr'><strong>in</strong></span> <span class='ocrx_word' id='word_1_39' title='bbox 549 971 613 1031; x_wconf 82' lang='lat' dir='ltr'><strong>iiie</strong></span> <span class='ocrx_word' id='word_1_40' title='bbox 633 978 720 1030; x_wconf 84' lang='lat' dir='ltr'><strong>rectu</strong></span> <span class='ocrx_word' id='word_1_41' title='bbox 740 970 1014 1050; x_wconf 72' lang='lat' dir='ltr'><strong>udintegritrtem</strong></span> 
     </span>
     <span class='ocr_line' id='line_1_8' title="bbox 104 1058 1013 1156; baseline -0.004 -18"><span class='ocrx_word' id='word_1_42' title='bbox 104 1078 183 1156; x_wconf 77' lang='lat' dir='ltr'><strong>signi</strong></span> <span class='ocrx_word' id='word_1_43' title='bbox 210 1075 413 1156; x_wconf 77' lang='lat' dir='ltr'><strong>praestandum</strong></span> <span class='ocrx_word' id='word_1_44' title='bbox 441 1094 502 1136; x_wconf 92' lang='lat' dir='ltr'><strong>nou</strong></span> <span class='ocrx_word' id='word_1_45' title='bbox 528 1077 657 1148; x_wconf 81' lang='lat' dir='ltr'><strong>obesse,</strong></span> <span class='ocrx_word' id='word_1_46' title='bbox 690 1058 909 1154; x_wconf 78' lang='lat' dir='ltr'><strong>supplemento</strong></span> <span class='ocrx_word' id='word_1_47' title='bbox 932 1076 1013 1155; x_wconf 84' lang='lat' dir='ltr'><strong>ejus,</strong></span> 
     </span>
     <span class='ocr_line' id='line_1_9' title="bbox 104 1178 1014 1259; baseline -0.002 -19"><span class='ocrx_word' id='word_1_48' title='bbox 104 1178 187 1259; x_wconf 83' lang='lat' dir='ltr'><strong>quod</strong></span> <span class='ocrx_word' id='word_1_49' title='bbox 210 1179 332 1253; x_wconf 80' lang='lat' dir='ltr'><strong>decret,</strong></span> <span class='ocrx_word' id='word_1_50' title='bbox 356 1178 570 1242; x_wconf 77' lang='lat' dir='ltr'><strong>secedente.”‘2</strong></span> <span class='ocrx_word' id='word_1_51' title='bbox 615 1179 682 1254; x_wconf 78' lang='lat' dir='ltr'><strong>Qun</strong></span> <span class='ocrx_word' id='word_1_52' title='bbox 703 1178 743 1237; x_wconf 82' lang='lat' dir='ltr'><strong>ie</strong></span> <span class='ocrx_word' id='word_1_53' title='bbox 764 1198 857 1239; x_wconf 81' lang='lat' dir='ltr'><strong>conse</strong></span> <span class='ocrx_word' id='word_1_54' title='bbox 878 1178 1014 1258; x_wconf 81' lang='lat' dir='ltr'><strong>“poeui-</strong></span> 
     </span>
     <span class='ocr_line' id='line_1_10' title="bbox 103 1283 1013 1365; baseline 0.001 -22"><span class='ocrx_word' id='word_1_55' title='bbox 103 1285 231 1344; x_wconf 83' lang='lat' dir='ltr'><strong>tentirm</strong></span> <span class='ocrx_word' id='word_1_56' title='bbox 258 1285 419 1365; x_wconf 73' lang='lat' dir='ltr'><strong>agentibus</strong></span> <span class='ocrx_word' id='word_1_57' title='bbox 443 1285 657 1362; x_wconf 76' lang='lat' dir='ltr'><strong>correctisque</strong></span> <span class='ocrx_word' id='word_1_58' title='bbox 684 1300 740 1362; x_wconf 89' lang='lat' dir='ltr'><strong>per</strong></span> <span class='ocrx_word' id='word_1_59' title='bbox 763 1283 936 1344; x_wconf 73' lang='lat' dir='ltr'><strong>doctrinam</strong></span> <span class='ocrx_word' id='word_1_60' title='bbox 958 1304 1013 1344; x_wconf 85' lang='lat' dir='ltr'><strong>re-</strong></span> 
     </span>
     <span class='ocr_line' id='line_1_11' title="bbox 102 1388 1014 1468; baseline 0 -20"><span class='ocrx_word' id='word_1_61' title='bbox 102 1389 219 1463; x_wconf 73' lang='lat' dir='ltr'><strong>nititis,</strong></span> <span class='ocrx_word' id='word_1_62' title='bbox 255 1397 288 1448; x_wconf 86' lang='lat' dir='ltr'><strong>et</strong></span> <span class='ocrx_word' id='word_1_63' title='bbox 306 1408 363 1466; x_wconf 79' lang='lat' dir='ltr'><strong>per</strong></span> <span class='ocrx_word' id='word_1_64' title='bbox 375 1388 475 1468; x_wconf 81' lang='lat' dir='ltr'><strong>fldem</strong></span> <span class='ocrx_word' id='word_1_65' title='bbox 499 1388 653 1466; x_wconf 58' lang='lat' dir='ltr'><strong>circorum,</strong></span> <span class='ocrx_word' id='word_1_66' title='bbox 685 1405 756 1468; x_wconf 80' lang='lat' dir='ltr'><strong>quoe</strong></span> <span class='ocrx_word' id='word_1_67' title='bbox 774 1395 886 1467; x_wconf 82' lang='lat' dir='ltr'><strong>postca</strong></span> <span class='ocrx_word' id='word_1_68' title='bbox 907 1407 1014 1448; x_wconf 84' lang='lat' dir='ltr'><strong>emen-</strong></span> 
     </span>
     <span class='ocr_line' id='line_1_12' title="bbox 101 1490 1012 1574; baseline 0.001 -22"><span class='ocrx_word' id='word_1_69' title='bbox 101 1490 181 1552; x_wconf 78' lang='lat' dir='ltr'><strong>data</strong></span> <span class='ocrx_word' id='word_1_70' title='bbox 211 1500 277 1565; x_wconf 83' lang='lat' dir='ltr'><strong>est,</strong></span> <span class='ocrx_word' id='word_1_71' title='bbox 317 1493 477 1570; x_wconf 82' lang='lat' dir='ltr'><strong>purificato</strong></span> <span class='ocrx_word' id='word_1_72' title='bbox 510 1491 606 1553; x_wconf 82' lang='lat' dir='ltr'><strong>corde</strong></span> <span class='ocrx_word' id='word_1_73' title='bbox 638 1511 762 1565; x_wconf 83' lang='lat' dir='ltr'><strong>corum,</strong></span> <span class='ocrx_word' id='word_1_74' title='bbox 798 1493 1012 1574; x_wconf 81' lang='lat' dir='ltr'><strong>tautummodo</strong></span> 
     </span>
     <span class='ocr_line' id='line_1_13' title="bbox 102 1595 1013 1675; baseline -0.001 -19"><span class='ocrx_word' id='word_1_75' title='bbox 102 1597 287 1674; x_wconf 72' lang='lat' dir='ltr'><strong>baptismate</strong></span> <span class='ocrx_word' id='word_1_76' title='bbox 313 1596 461 1674; x_wconf 80' lang='lat' dir='ltr'><strong>spirituli,</strong></span> <span class='ocrx_word' id='word_1_77' title='bbox 494 1595 515 1656; x_wconf 87' lang='lat' dir='ltr'><strong>i.</strong></span> <span class='ocrx_word' id='word_1_78' title='bbox 538 1615 565 1654; x_wconf 91' lang='lat' dir='ltr'><strong>e.</strong></span> <span class='ocrx_word' id='word_1_79' title='bbox 588 1615 694 1656; x_wconf 84' lang='lat' dir='ltr'><strong>monus</strong></span> <span class='ocrx_word' id='word_1_80' title='bbox 716 1596 917 1675; x_wconf 71' lang='lat' dir='ltr'><strong>impositione</strong></span> <span class='ocrx_word' id='word_1_81' title='bbox 944 1597 1013 1675; x_wconf 90' lang='lat' dir='ltr'><strong>epi-</strong></span> 
     </span>
     <span class='ocr_line' id='line_1_14' title="bbox 102 1701 1012 1781; baseline 0 -21"><span class='ocrx_word' id='word_1_82' title='bbox 102 1702 190 1779; x_wconf 87' lang='lat' dir='ltr'><strong>scopi</strong></span> <span class='ocrx_word' id='word_1_83' title='bbox 207 1710 239 1762; x_wconf 91' lang='lat' dir='ltr'><strong>et</strong></span> <span class='ocrx_word' id='word_1_84' title='bbox 254 1701 388 1781; x_wconf 83' lang='lat' dir='ltr'><strong>Spiritus</strong></span> <span class='ocrx_word' id='word_1_85' title='bbox 405 1701 437 1761; x_wconf 91' lang='lat' dir='ltr'><strong>S.</strong></span> <span class='ocrx_word' id='word_1_86' title='bbox 459 1701 755 1774; x_wconf 71' lang='lat' dir='ltr'><strong>subministratione,</strong></span> <span class='ocrx_word' id='word_1_87' title='bbox 776 1701 934 1761; x_wconf 84' lang='lat' dir='ltr'><strong>subreniri</strong></span> <span class='ocrx_word' id='word_1_88' title='bbox 957 1701 1012 1761; x_wconf 87' lang='lat' dir='ltr'><strong>do·</strong></span> 
     </span>
     <span class='ocr_line' id='line_1_15' title="bbox 100 1805 1014 1887; baseline 0 -21"><span class='ocrx_word' id='word_1_89' title='bbox 100 1805 191 1880; x_wconf 79' lang='lat' dir='ltr'><strong>bet⁸;</strong></span> <span class='ocrx_word' id='word_1_90' title='bbox 207 1839 248 1852; x_wconf 89' lang='lat'><strong>·-</strong></span> <span class='ocrx_word' id='word_1_91' title='bbox 265 1807 408 1887; x_wconf 77' lang='lat' dir='ltr'><strong>quonism</strong></span> <span class='ocrx_word' id='word_1_92' title='bbox 428 1807 555 1866; x_wconf 89' lang='lat' dir='ltr'><strong>muitum</strong></span> <span class='ocrx_word' id='word_1_93' title='bbox 574 1806 722 1878; x_wconf 81' lang='lat' dir='ltr'><strong>interest,</strong></span> <span class='ocrx_word' id='word_1_94' title='bbox 743 1812 845 1865; x_wconf 90' lang='lat' dir='ltr'><strong>utrum</strong></span> <span class='ocrx_word' id='word_1_95' title='bbox 862 1805 895 1866; x_wconf 91' lang='lat' dir='ltr'><strong>in</strong></span> <span class='ocrx_word' id='word_1_96' title='bbox 912 1812 1014 1866; x_wconf 90' lang='lat' dir='ltr'><strong>totum</strong></span> 
     </span>
     <span class='ocr_line' id='line_1_16' title="bbox 37 1909 1014 1992; baseline -0.002 -21"><span class='ocrx_word' id='word_1_97' title='bbox 37 1942 44 1963; x_wconf 72' lang='grc' dir='ltr'><strong>ι</strong></span> <span class='ocrx_word' id='word_1_98' title='bbox 101 1912 171 1990; x_wconf 85' lang='lat' dir='ltr'><strong>quis</strong></span> <span class='ocrx_word' id='word_1_99' title='bbox 192 1930 254 1972; x_wconf 94' lang='lat' dir='ltr'><strong>non</strong></span> <span class='ocrx_word' id='word_1_100' title='bbox 275 1911 450 1992; x_wconf 74' lang='lat' dir='ltr'><strong>bsptizstus</strong></span> <span class='ocrx_word' id='word_1_101' title='bbox 472 1910 529 1984; x_wconf 86' lang='lat' dir='ltr'><strong>sit,</strong></span> <span class='ocrx_word' id='word_1_102' title='bbox 559 1930 596 1970; x_wconf 81' lang='lat' dir='ltr'><strong>sn</strong></span> <span class='ocrx_word' id='word_1_103' title='bbox 618 1928 691 1970; x_wconf 84' lang='lat' dir='ltr'><strong>vero</strong></span> <span class='ocrx_word' id='word_1_104' title='bbox 713 1909 744 1969; x_wconf 94' lang='lat' dir='ltr'><strong>iu</strong></span> <span class='ocrx_word' id='word_1_105' title='bbox 766 1910 869 1987; x_wconf 85' lang='lat' dir='ltr'><strong>uiiquo</strong></span> <span class='ocrx_word' id='word_1_106' title='bbox 892 1909 1014 1970; x_wconf 81' lang='lat' dir='ltr'><strong>ciendi-</strong></span> 
     </span>
    </p>
   </div>
   <div class='ocr_carea' id='block_1_3' title="bbox 9 2015 1013 2094">
    <p class='ocr_par' dir='ltr' id='par_1_3' title="bbox 9 2015 1013 2094">
     <span class='ocr_line' id='line_1_17' title="bbox 9 2015 1013 2094; baseline 0 -18"><span class='ocrx_word' id='word_1_107' title='bbox 9 2019 11 2025; x_wconf 88' lang='lat'>&#39;</span> <span class='ocrx_word' id='word_1_108' title='bbox 100 2022 168 2090; x_wconf 86' lang='lat' dir='ltr'><strong>cet,</strong></span> <span class='ocrx_word' id='word_1_109' title='bbox 191 2036 259 2077; x_wconf 92' lang='lat' dir='ltr'><strong>cum</strong></span> <span class='ocrx_word' id='word_1_110' title='bbox 281 2016 455 2094; x_wconf 75' lang='lat' dir='ltr'><strong>baptizetur</strong></span> <span class='ocrx_word' id='word_1_111' title='bbox 477 2015 661 2093; x_wconf 82' lang='lat' dir='ltr'><strong>bsptismste</strong></span> <span class='ocrx_word' id='word_1_112' title='bbox 683 2033 785 2093; x_wconf 78' lang='lat' dir='ltr'><strong>equor,</strong></span> <span class='ocrx_word' id='word_1_113' title='bbox 807 2015 1013 2094; x_wconf 84' lang='lat' dir='ltr'><strong>quodminus</strong></span> 
     </span>
    </p>
   </div>
   <div class='ocr_carea' id='block_1_4' title="bbox 34 2119 1042 3244">
    <p class='ocr_par' dir='ltr' id='par_1_4' title="bbox 34 2119 1042 3244">
     <span class='ocr_line' id='line_1_18' title="bbox 100 2119 1013 2200; baseline 0.001 -20"><span class='ocrx_word' id='word_1_114' title='bbox 100 2127 165 2193; x_wconf 82' lang='lat' dir='ltr'><strong>est,</strong></span> <span class='ocrx_word' id='word_1_115' title='bbox 198 2120 365 2182; x_wconf 83' lang='lat' dir='ltr'><strong>dummodo</strong></span> <span class='ocrx_word' id='word_1_116' title='bbox 394 2128 503 2200; x_wconf 82' lang='lat' dir='ltr'><strong>posteo</strong></span> <span class='ocrx_word' id='word_1_117' title='bbox 530 2126 653 2180; x_wconf 88' lang='lat' dir='ltr'><strong>constet</strong></span> <span class='ocrx_word' id='word_1_118' title='bbox 677 2119 709 2178; x_wconf 97' lang='lat' dir='ltr'><strong>in</strong></span> <span class='ocrx_word' id='word_1_119' title='bbox 731 2122 863 2180; x_wconf 76' lang='lat' dir='ltr'><strong>venitote</strong></span> <span class='ocrx_word' id='word_1_120' title='bbox 889 2120 1013 2182; x_wconf 82' lang='lat' dir='ltr'><strong>sincero</strong></span> 
     </span>
     <span class='ocr_line' id='line_1_19' title="bbox 99 2220 1012 2303; baseline 0.001 -20"><span class='ocrx_word' id='word_1_121' title='bbox 99 2223 179 2284; x_wconf 84' lang='lat' dir='ltr'><strong>fides</strong></span> <span class='ocrx_word' id='word_1_122' title='bbox 201 2224 232 2283; x_wconf 93' lang='lat' dir='ltr'><strong>in</strong></span> <span class='ocrx_word' id='word_1_123' title='bbox 254 2225 438 2303; x_wconf 77' lang='lat' dir='ltr'><strong>baptismate</strong></span> <span class='ocrx_word' id='word_1_124' title='bbox 453 2225 599 2303; x_wconf 81' lang='lat' dir='ltr'><strong>Spiritus,</strong></span> <span class='ocrx_word' id='word_1_125' title='bbox 622 2222 705 2301; x_wconf 85' lang='lat' dir='ltr'><strong>quod</strong></span> <span class='ocrx_word' id='word_1_126' title='bbox 726 2223 825 2298; x_wconf 77' lang='lat' dir='ltr'><strong>moins</strong></span> <span class='ocrx_word' id='word_1_127' title='bbox 847 2220 944 2284; x_wconf 77' lang='lat' dir='ltr'><strong>esi.’&#39;⁴</strong></span> <span class='ocrx_word' id='word_1_128' title='bbox 977 2223 1012 2284; x_wconf 90' lang='lat' dir='ltr'><strong>Si</strong></span> 
     </span>
     <span class='ocr_line' id='line_1_20' title="bbox 100 2328 1012 2407; baseline 0.003 -21"><span class='ocrx_word' id='word_1_129' title='bbox 100 2328 169 2407; x_wconf 86' lang='lat' dir='ltr'><strong>quis</strong></span> <span class='ocrx_word' id='word_1_130' title='bbox 191 2347 264 2389; x_wconf 85' lang='lat' dir='ltr'><strong>vero</strong></span> <span class='ocrx_word' id='word_1_131' title='bbox 285 2330 501 2390; x_wconf 86' lang='lat' dir='ltr'><strong>remissionem</strong></span> <span class='ocrx_word' id='word_1_132' title='bbox 519 2336 718 2407; x_wconf 72' lang='lat' dir='ltr'><strong>peccatorum·</strong></span> <span class='ocrx_word' id='word_1_133' title='bbox 732 2346 801 2387; x_wconf 90' lang='lat' dir='ltr'><strong>cum</strong></span> <span class='ocrx_word' id='word_1_134' title='bbox 822 2328 1012 2406; x_wconf 74' lang='lat' dir='ltr'><strong>bsptismete</strong></span> 
     </span>
     <span class='ocr_line' id='line_1_21' title="bbox 98 2415 1012 2512; baseline 0.004 -21"><span class='ocrx_word' id='word_1_135' title='bbox 98 2432 143 2492; x_wconf 85' lang='lat' dir='ltr'><strong>ite</strong></span> <span class='ocrx_word' id='word_1_136' title='bbox 165 2432 326 2493; x_wconf 80' lang='lat' dir='ltr'><strong>cobaerere</strong></span> <span class='ocrx_word' id='word_1_137' title='bbox 347 2434 477 2508; x_wconf 83' lang='lat' dir='ltr'><strong>sentiet,</strong></span> <span class='ocrx_word' id='word_1_138' title='bbox 498 2442 534 2494; x_wconf 89' lang='lat' dir='ltr'><strong>ut</strong></span> <span class='ocrx_word' id='word_1_139' title='bbox 554 2415 622 2493; x_wconf 89' lang='lat' dir='ltr'><strong>siue</strong></span> <span class='ocrx_word' id='word_1_140' title='bbox 643 2432 848 2512; x_wconf 67' lang='lat' dir='ltr'><strong>baptismum,</strong></span> <span class='ocrx_word' id='word_1_141' title='bbox 869 2432 1012 2512; x_wconf 85' lang='lat' dir='ltr'><strong>perfecte</strong></span> 
     </span>
     <span class='ocr_line' id='line_1_22' title="bbox 100 2536 1011 2617; baseline 0.004 -22"><span class='ocrx_word' id='word_1_142' title='bbox 100 2536 314 2597; x_wconf 74' lang='lat' dir='ltr'><strong>obministruto</strong></span> <span class='ocrx_word' id='word_1_143' title='bbox 329 2546 362 2596; x_wconf 88' lang='lat' dir='ltr'><strong>et</strong></span> <span class='ocrx_word' id='word_1_144' title='bbox 380 2544 539 2616; x_wconf 86' lang='lat' dir='ltr'><strong>suscepto,</strong></span> <span class='ocrx_word' id='word_1_145' title='bbox 561 2541 714 2597; x_wconf 88' lang='lat' dir='ltr'><strong>neminem</strong></span> <span class='ocrx_word' id='word_1_146' title='bbox 736 2538 805 2614; x_wconf 86' lang='lat' dir='ltr'><strong>ejus</strong></span> <span class='ocrx_word' id='word_1_147' title='bbox 827 2538 1011 2617; x_wconf 75' lang='lat' dir='ltr'><strong>participem</strong></span> 
     </span>
     <span class='ocr_line' id='line_1_23' title="bbox 99 2637 1011 2722; baseline 0.001 -20"><span class='ocrx_word' id='word_1_148' title='bbox 99 2641 170 2702; x_wconf 83' lang='lat' dir='ltr'><strong>fieri</strong></span> <span class='ocrx_word' id='word_1_149' title='bbox 198 2660 291 2720; x_wconf 87' lang='lat' dir='ltr'><strong>posse</strong></span> <span class='ocrx_word' id='word_1_150' title='bbox 320 2637 503 2703; x_wconf 73' lang='lat' dir='ltr'><strong>contendit:</strong></span> <span class='ocrx_word' id='word_1_151' title='bbox 536 2642 630 2722; x_wconf 82' lang='lat' dir='ltr'><strong>“qnid</strong></span> <span class='ocrx_word' id='word_1_152' title='bbox 653 2643 792 2703; x_wconf 85' lang='lat' dir='ltr'><strong>dicturus</strong></span> <span class='ocrx_word' id='word_1_153' title='bbox 820 2649 868 2701; x_wconf 84' lang='lat' dir='ltr'><strong>eet</strong></span> <span class='ocrx_word' id='word_1_154' title='bbox 888 2641 930 2703; x_wconf 79' lang='lat' dir='ltr'><strong>rie</strong></span> <span class='ocrx_word' id='word_1_155' title='bbox 950 2643 1011 2718; x_wconf 85' lang='lat' dir='ltr'><strong>bis,</strong></span> 
     </span>
     <span class='ocr_line' id='line_1_24' title="bbox 100 2744 1042 2826; baseline 0.003 -21"><span class='ocrx_word' id='word_1_156' title='bbox 100 2745 154 2825; x_wconf 86' lang='lat' dir='ltr'><strong>qui</strong></span> <span class='ocrx_word' id='word_1_157' title='bbox 175 2744 355 2824; x_wconf 85' lang='lat' dir='ltr'><strong>pierumque</strong></span> <span class='ocrx_word' id='word_1_158' title='bbox 374 2749 411 2807; x_wconf 83' lang='lat' dir='ltr'><strong>sb</strong></span> <span class='ocrx_word' id='word_1_159' title='bbox 432 2748 588 2826; x_wconf 88' lang='lat' dir='ltr'><strong>episcopis</strong></span> <span class='ocrx_word' id='word_1_160' title='bbox 607 2747 750 2825; x_wconf 81' lang='lat' dir='ltr'><strong>pessimae</strong></span> <span class='ocrx_word' id='word_1_161' title='bbox 768 2749 1012 2810; x_wconf 75' lang='lat' dir='ltr'><strong>conversationis</strong></span> <span class='ocrx_word' id='word_1_162' title='bbox 1040 2818 1042 2823; x_wconf 10' lang='grc' dir='ltr'>χ</span> 
     </span>
     <span class='ocr_line' id='line_1_25' title="bbox 99 2850 1011 2939; baseline 0.003 -28"><span class='ocrx_word' id='word_1_163' title='bbox 99 2850 311 2928; x_wconf 75' lang='lat' dir='ltr'><strong>baptizantur,</strong></span> <span class='ocrx_word' id='word_1_164' title='bbox 432 2858 486 2912; x_wconf 84' lang='lat' dir='ltr'><strong>out</strong></span> <span class='ocrx_word' id='word_1_165' title='bbox 507 2851 581 2931; x_wconf 89' lang='lat' dir='ltr'><strong>quid</strong></span> <span class='ocrx_word' id='word_1_166' title='bbox 603 2857 719 2911; x_wconf 72' lang='lat' dir='ltr'><strong>statuet</strong></span> <span class='ocrx_word' id='word_1_167' title='bbox 734 2851 780 2910; x_wconf 72' lang='lat' dir='ltr'><strong>sie</strong></span> <span class='ocrx_word' id='word_1_168' title='bbox 802 2852 864 2925; x_wconf 78' lang='lat' dir='ltr'><strong>eis,</strong></span> <span class='ocrx_word' id='word_1_169' title='bbox 881 2853 951 2939; x_wconf 28' lang='lat' dir='ltr'><strong>&#39;qui</strong></span> <span class='ocrx_word' id='word_1_170' title='bbox 973 2855 1011 2914; x_wconf 83' lang='lat' dir='ltr'><strong>sb</strong></span> 
     </span>
     <span class='ocr_line' id='line_1_26' title="bbox 101 2935 1012 3036; baseline 0.004 -20"><span class='ocrx_word' id='word_1_171' title='bbox 101 2953 256 3036; x_wconf 78' lang='lat' dir='ltr'><strong>episcopis</strong></span> <span class='ocrx_word' id='word_1_172' title='bbox 275 2935 367 3036; x_wconf 75' lang='lat' dir='ltr'><strong>prove</strong></span> <span class='ocrx_word' id='word_1_173' title='bbox 385 2957 591 3017; x_wconf 83' lang='lat' dir='ltr'><strong>sentientibus</strong></span> <span class='ocrx_word' id='word_1_174' title='bbox 608 2963 661 3016; x_wconf 83' lang='lat' dir='ltr'><strong>out</strong></span> <span class='ocrx_word' id='word_1_175' title='bbox 676 2939 923 3034; x_wconf 85' lang='lat' dir='ltr'><strong>imperitioribus</strong></span> <span class='ocrx_word' id='word_1_176' title='bbox 941 2958 1012 3020; x_wconf 81' lang='lat' dir='ltr'><strong>fue·</strong></span> 
     </span>
     <span class='ocr_line' id='line_1_27' title="bbox 99 3053 1011 3142; baseline 0.003 -22"><span class='ocrx_word' id='word_1_177' title='bbox 99 3061 161 3121; x_wconf 86' lang='lat' dir='ltr'><strong>rint</strong></span> <span class='ocrx_word' id='word_1_178' title='bbox 181 3061 348 3140; x_wconf 74' lang='lat' dir='ltr'><strong>baptizoti,</strong></span> <span class='ocrx_word' id='word_1_179' title='bbox 370 3053 492 3139; x_wconf 82' lang='lat' dir='ltr'><strong>quondo</strong></span> <span class='ocrx_word' id='word_1_180' title='bbox 515 3081 575 3121; x_wconf 94' lang='lat' dir='ltr'><strong>non</strong></span> <span class='ocrx_word' id='word_1_181' title='bbox 594 3061 634 3121; x_wconf 84' lang='lat' dir='ltr'><strong>od</strong></span> <span class='ocrx_word' id='word_1_182' title='bbox 652 3060 802 3138; x_wconf 86' lang='lat' dir='ltr'><strong>liquidum</strong></span> <span class='ocrx_word' id='word_1_183' title='bbox 825 3067 857 3120; x_wconf 88' lang='lat' dir='ltr'><strong>et</strong></span> <span class='ocrx_word' id='word_1_184' title='bbox 878 3061 1011 3142; x_wconf 81' lang='lat' dir='ltr'><strong>integre,</strong></span> 
     </span>
     <span class='ocr_line' id='line_1_28' title="bbox 34 3143 1012 3244; baseline 0.006 -20"><span class='ocrx_word' id='word_1_185' title='bbox 34 3227 39 3239; x_wconf 69' lang='grc'><em>,</em></span> <span class='ocrx_word' id='word_1_186' title='bbox 98 3165 263 3226; x_wconf 83' lang='lat' dir='ltr'><strong>vel-etiem</strong></span> <span class='ocrx_word' id='word_1_187' title='bbox 286 3143 386 3241; x_wconf 76' lang='lat' dir='ltr'><strong>oiiter,</strong></span> <span class='ocrx_word' id='word_1_188' title='bbox 407 3185 496 3244; x_wconf 84' lang='lat' dir='ltr'><strong>quum</strong></span> <span class='ocrx_word' id='word_1_189' title='bbox 510 3172 644 3244; x_wconf 77' lang='lat' dir='ltr'><strong>oportet,</strong></span> <span class='ocrx_word' id='word_1_190' title='bbox 666 3165 697 3225; x_wconf 92' lang='lat' dir='ltr'><strong>iu</strong></span> <span class='ocrx_word' id='word_1_191' title='bbox 719 3165 886 3226; x_wconf 72' lang='lat' dir='ltr'><strong>traditione</strong></span> <span class='ocrx_word' id='word_1_192' title='bbox 907 3185 1012 3230; x_wconf 82' lang='lat' dir='ltr'><strong>secre-</strong></span> 
     </span>
    </p>
   </div>
   <div class='ocr_carea' id='block_1_5' title="bbox 45 3407 424 3755">
    <p class='ocr_par' dir='ltr' id='par_1_5' title="bbox 135 3407 424 3570">
     <span class='ocr_line' id='line_1_29' title="bbox 137 3407 424 3477; baseline 0.007 -16"><span class='ocrx_word' id='word_1_193' title='bbox 137 3412 162 3476; x_wconf 82' lang='grc' dir='ltr'><strong>ι)</strong></span> <span class='ocrx_word' id='word_1_194' title='bbox 179 3410 250 3477; x_wconf 79' lang='lat' dir='ltr'><strong>Peg.</strong></span> <span class='ocrx_word' id='word_1_195' title='bbox 268 3407 311 3474; x_wconf 73' lang='lat'><strong>24,</strong></span> <span class='ocrx_word' id='word_1_196' title='bbox 328 3411 381 3466; x_wconf 90' lang='lat' dir='ltr'><strong>coi.</strong></span> <span class='ocrx_word' id='word_1_197' title='bbox 398 3410 424 3462; x_wconf 67' lang='lat'><em>2</em></span> 
     </span>
     <span class='ocr_line' id='line_1_30' title="bbox 135 3502 250 3570; baseline 0.009 -16"><span class='ocrx_word' id='word_1_198' title='bbox 135 3505 161 3570; x_wconf 81' lang='lat'><strong>²)</strong></span> <span class='ocrx_word' id='word_1_199' title='bbox 179 3502 250 3555; x_wconf 84' lang='lat' dir='ltr'><strong>Ibid.</strong></span> 
     </span>
    </p>

    <p class='ocr_par' dir='ltr' id='par_1_6' title="bbox 45 3590 424 3755">
     <span class='ocr_line' id='line_1_31' title="bbox 136 3590 419 3661; baseline -0.007 -15"><span class='ocrx_word' id='word_1_200' title='bbox 136 3596 161 3659; x_wconf 80' lang='lat'><strong>³)</strong></span> <span class='ocrx_word' id='word_1_201' title='bbox 180 3594 249 3661; x_wconf 81' lang='lat' dir='ltr'><strong>Peg.</strong></span> <span class='ocrx_word' id='word_1_202' title='bbox 266 3590 308 3656; x_wconf 74' lang='lat'><strong>27,</strong></span> <span class='ocrx_word' id='word_1_203' title='bbox 326 3593 376 3646; x_wconf 89' lang='lat' dir='ltr'><strong>coi.</strong></span> <span class='ocrx_word' id='word_1_204' title='bbox 394 3594 419 3644; x_wconf 92' lang='lat'><strong>1.</strong></span> 
     </span>
     <span class='ocr_line' id='line_1_32' title="bbox 45 3668 424 3755; baseline -0.013 -14"><span class='ocrx_word' id='word_1_205' title='bbox 45 3668 49 3679; x_wconf 44' lang='lat'>¹</span> <span class='ocrx_word' id='word_1_206' title='bbox 136 3690 162 3755; x_wconf 83' lang='lat'><strong>⁴)</strong></span> <span class='ocrx_word' id='word_1_207' title='bbox 180 3688 248 3755; x_wconf 78' lang='lat' dir='ltr'><strong>Peg.</strong></span> <span class='ocrx_word' id='word_1_208' title='bbox 266 3683 310 3747; x_wconf 76' lang='lat'><strong>2⁵,</strong></span> <span class='ocrx_word' id='word_1_209' title='bbox 329 3685 382 3736; x_wconf 86' lang='lat' dir='ltr'><strong>coi.</strong></span> <span class='ocrx_word' id='word_1_210' title='bbox 400 3682 424 3736; x_wconf 89' lang='lat'><strong>1.</strong></span> 
     </span>
    </p>
   </div>
   <div class='ocr_carea' id='block_1_6' title="bbox 0 0 1122 4184">
    <p class='ocr_par' dir='ltr' id='par_1_7' title="bbox 0 0 1122 4184">
     <span class='ocr_line' id='line_1_33' title="bbox 0 0 1122 4184; baseline 0 1"><span class='ocrx_word' id='word_1_211' title='bbox 0 0 1122 4184; x_wconf 95' lang='lat' dir='ltr'><strong> </strong></span> 
     </span>
    </p>
   </div>
  </div>
 </body>
</html>
