2236 4184
579 275 640 339 llo

151 461 413 540 christianorum,
434 464 488 546 qul
508 467 665 546 baptismo
681 467 824 532 homines
845 468 950 530 subito
971 484 1066 528 reno·

149 569 214 629 rari
242 574 448 645 testarentur,
479 570 574 632 iidem
606 573 746 635 baberet.
794 573 920 653 “ligo,'’
950 573 1065 653 inqult,

150 674 243 733 “oum
271 675 303 732 ln
330 674 468 735 tenebris
496 683 588 755 atque
614 679 647 738 in
674 685 768 738 noote
799 695 882 738 oaeoo
903 678 1064 758 jacerem3

150 797 282 858 eumque
302 780 333 839 in
357 780 422 840 salo
439 780 587 861 jactantla
609 783 707 844 aoouli
731 783 929 844 nutabundus
949 800 984 843 ac
1007 780 1065 841 ιΙιι-

148 884 230 958 biua,
251 884 391 963 vestigiis
414 886 645 960 oberrantibus,
673 887 872 961 tluotuarem,
893 888 966 947 ritae
987 905 1067 946 meae

149 989 284 1061 nescius,
306 989 445 1050 veritatis
470 1009 506 1051 aa
526 991 603 1051 lnois
625 991 761 1066 alienus,
785 992 917 1053 dillioile
936 1010 1089 1076 prorsus,

150 1113 186 1155 ao
209 1093 318 1153 durum
339 1113 395 1173 pro
423 1096 486 1155 illis
515 1103 588 1157 tuno
615 1081 753 1158 moribus
778 1097 945 1176 opinabar,
977 1095 1066 1176 qnod

148 1198 181 1259 in
202 1199 335 1258 salutem
355 1199 433 1259 mibi
455 1200 557 1261 divina
576 1200 770 1281 indulgentia
791 1203 1009 1282 pollicebatur,
1031 1208 1068 1262 ut

36 1369 39 1373 ,
150 1303 218 1383 quis
238 1304 360 1365 renasci
382 1304 484 1367 denuo
513 1311 637 1386 posset,
668 1313 764 1386 atque
785 1308 818 1368 in
839 1325 949 1368 noram
970 1306 1067 1366 vitam

150 1408 270 1471 lavaero
299 1427 385 1486 aquae
412 1411 554 1471 salutaris
579 1412 747 1486 animatus,
779 1411 863 1492 quod
885 1411 971 1491 prius
992 1410 1066 1471 fue-

147 1519 212 1585 rat,
239 1518 426 1591 exponeret,
459 1521 507 1588 et,
540 1517 680 1597 eorporis
710 1517 786 1578 lieet
812 1520 957 1576 manento
977 1533 1077 1577 eom-¹

149 1634 244 1698 page,
276 1616 435 1679 bominem
466 1621 569 1681 animo
601 1641 637 1682 ac
668 1628 772 1681 mente
804 1626 948 1682 mutaret
1003 1618 1065 1697 Qui

149 1722 326 1804 possibilis,
349 1723 486 1802 aiebam,
509 1736 558 1787 est
575 1732 659 1786 tanta
681 1726 853 1800 conversio,
874 1731 911 1786 ut
929 1730 1065 1804 repente

149 1848 185 1892 ao
206 1830 376 1909 perniciter
396 1837 536 1904 exuatur,
558 1831 642 1910 quod
660 1830 708 1890 vel
730 1830 896 1911 genuinum
917 1830 983 1890 situ
999 1849 1064 1889 ma·

148 1934 237 1995 teriae
258 1935 406 1996 naturalis
428 1935 592 2010 obduruit,
625 1937 673 1995 vol
695 1941 876 2014 usurpatum
897 1934 952 1995 dlu
973 1934 1063 1995 senio

148 2039 313 2101 vetustatis
335 2039 489 2102 inolevit?
582 2039 660 2123 Haeo
681 2048 805 2120 egomet
823 2059 908 2121 saepe
929 2059 1062 2114 meeum,

148 2163 218 2208 nam
246 2152 282 2205 ut
307 2145 377 2225 ipae
403 2145 636 2225 quamplurimis
662 2146 732 2206 vitae
761 2135 875 2225 prioris
904 2145 1064 2207 erroribus

147 2247 317 2329 lmplioitus
339 2251 480 2325 tenebar,
501 2251 613 2330 quibus
632 2251 703 2311 exui
725 2269 774 2312 me
796 2267 890 2331 posse
910 2268 975 2310 uon
996 2268 1064 2310 ore-

149 2352 274 2428 derem3
302 2355 349 2422 sio
368 2354 452 2414 vitiis
474 2355 705 2416 adhaerentibus
728 2353 944 2417 obsecundans
966 2372 1063 2427 eram,

148 2465 183 2519 et
210 2458 430 2539 desperatione
461 2460 623 2521 meliorum
651 2461 740 2521 malis
771 2460 848 2521 meis
876 2459 972 2519 veluti
995 2459 1064 2538 jam

148 2564 284 2643 propriis
311 2583 347 2626 ao
374 2563 548 2624 vernaculis
572 2563 761 2627 favebamm
807 2566 909 2642 Quum
931 2569 1064 2643 repente

143 2669 210 2749 jam
233 2668 272 2728 ad
294 2668 509 2730 felicissimum
533 2689 621 2729 sunm
644 2654 769 2744 statum,
792 2678 865 2749 post
876 2671 1063 2751 baptismum

148 2779 345 2852 susceptum,
381 2775 635 2852 splendidissime
668 2776 907 2835 describendum
940 2775 1063 2849 transit,

147 2895 244 2957 seque
275 2884 382 2938 saneto
410 2879 516 2940 boooe.
538 2879 657 2941 lavacro
686 2883 811 2941 omnino
839 2885 1001 2960 purgatum
1030 2885 1065 2938 et

147 2989 328 3044 renovatum
357 2984 415 3057 ait,
451 2991 486 3043 ut
516 2986 679 3064 “protinus
707 2985 984 3046 confirmarentse
1005 2982 1064 3042 dn-

147 3089 215 3163 bla,
246 3095 388 3170 paterent
417 3088 538 3164 olauaa,
569 3089 711 3150 lucerent
738 3088 958 3163 tenebrosa;”²
991 3088 1062 3169 quia

184 3365 209 3427 ¹)
227 3363 269 3414 Aa
287 3364 424 3415 Donatum
444 3381 525 3432 pagg.
543 3362 602 3416 2-3

182 3457 208 3520 ²)
228 3454 298 3506 “Sed
315 3463 469 3522 postquam,
488 3457 567 3508 undar
580 3454 711 3524 genitalia
725 3453 831 3506 auxilio
848 3452 1000 3522 superioria
1011 3456 1064 3506 mvi

146 3548 210 3601 lube
233 3547 354 3610 detersa,
383 3549 410 3601 iu
435 3549 576 3617 expiatum
600 3554 693 3615 pertua
716 3563 747 3598 no
770 3563 870 3612 purum
893 3548 1009 3615 ‹lesrrpor
1034 3566 1064 3599 so
1095 3562 1100 3570 ·

53 3660 54 3663 ¹
147 3639 240 3691 lnnron
258 3638 376 3707 inludit3
394 3648 555 3707 postquam,
572 3639 689 3692 coelitus
707 3637 817 3706 Spiritu
834 3639 949 3702 hausto,
967 3637 996 3691 in
1014 3656 1063 3690 no-

146 3747 212 3781 rum
234 3746 277 3782 mo
295 3730 434 3785 bominem
453 3733 583 3787 nativitas
601 3732 719 3787 secunda
736 3730 891 3798 reparavit;
910 3731 1014 3785 mirum
1034 3731 1062 3784 in
