2236 4184
480 287 538 345 147

54 496 91 538 se
112 482 262 557 spectata,
283 495 355 539 aera
368 483 426 550 est,
448 477 532 558 qnod
546 476 689 538 nimirum
702 483 788 538 entra
800 477 964 539 eccleciam

55 589 158 644 retum
179 583 331 662 baptisma
352 581 490 642 conferri
513 601 573 643 uon
596 583 711 661 possit,
738 599 791 657 ea,
818 602 910 661 qaum
931 584 964 645 in

55 688 135 748 hano
158 693 309 747 mutatur:
343 691 430 745 extra
453 686 615 746 ecetesiam
638 687 839 761 cathoiioam,
871 708 965 768 snper
1076 694 1092 737 ·'

57 793 222 879 episcopos
248 792 309 851 rite
331 790 490 850 ordinatos
511 791 687 865 fundatam,
718 792 870 871 baptisma
891 814 965 854 con-

57 897 134 958 ferri
156 915 218 957 oon
240 901 345 975 potest
355 927 395 940 —
407 896 446 955 ob
460 904 579 974 pravam
598 897 738 957 ecciesiae
752 895 966 958 definitionem

56 1002 136 1064 falsa
156 1001 203 1084 tit.
246 1001 428 1078 Quicunque
449 1019 522 1060 vero
545 996 693 1076 eandem,
726 1021 815 1081 quam
838 1001 967 1082 Cypria-

52 1099 131 1180 nus,
158 1105 299 1167 ecclesiae
319 1106 477 1165 notionem
499 1104 706 1184 amplexetur,
739 1107 868 1167 eandem
890 1126 967 1186 quo-

57 1230 118 1292 que
138 1194 187 1270 'de
217 1208 433 1270 haereticorum
462 1210 613 1289 baptismo
642 1210 813 1271 doctrinam
844 1211 967 1289 probet,

58 1315 118 1376 nisi
140 1314 266 1375 sibimet
286 1315 346 1393 ipsi
369 1315 574 1389 contradicet,
606 1334 736 1376 necesse
757 1320 876 1407 estf—
898 1314 969 1376 Hoc

58 1408 245 1480 tamennon
274 1417 388 1478 iactum
410 1437 498 1493 esse,
534 1419 722 1499 quinetiam
744 1420 892 1499 maJorem
915 1438 968 1479 ec·
1086 1440 1088 1445 ·

59 1524 166 1585 eiesie
187 1522 350 1584 cathoiioae
372 1529 507 1602 partem,
535 1524 712 1605 Stephano,
734 1525 883 1602 episcopo
904 1523 968 1583 Ro-

58 1648 161 1704 mano,
183 1627 273 1702 duce,
295 1627 370 1688 iicet
387 1629 419 1686 iu
439 1628 567 1688 untione
589 1628 731 1689 ecciesiae
753 1616 992 1690 constituenda

59 1754 130 1796 cum
141 1733 296 1813 cypriano
318 1733 409 1813 piane
431 1731 632 1807 consentiret,
654 1732 853 1793 nihilomiuus
876 1753 970 1811 supra

58 1838 214 1900 laudatam
243 1837 338 1917 hujus
367 1836 502 1898 notionis
529 1837 781 1917 consequentiam
808 1837 976 1918 rejecisse,

60 1951 94 2004 et
115 1921 267 2023 baptisma
287 1942 503 2002 hereticorum
524 1949 624 2001 ratum
646 1941 809 2016 hahuisse,
840 1941 969 2003 notissi-

60 2068 145 2110 mum
158 2050 217 2108 est.
260 2047 450 2122 Quibusnam
464 2052 566 2107 ratem
583 2046 770 2126 argumentis
791 2047 969 2109 inconstan·
1086 2072 1088 2076 ·

59 2161 125 2213 tem
145 2152 226 2213 hauc
247 2151 417 2212 doctrinam
440 2151 571 2231 probare
586 2151 690 2212 conati
711 2152 789 2229 sint,
813 2171 850 2213 ex
871 2152 970 2231 scrip·

59 2259 102 2321 tis
116 2256 373 2328 adversariorum,
394 2256 448 2336 qui
464 2273 501 2316 ea
517 2257 695 2336 incorrupta
708 2257 843 2332 minime,
865 2257 898 2318 ni
910 2252 970 2317 tai-

62 2365 129 2439 lor,
167 2361 404 2442 proposuerint,
443 2359 499 2419 aed
527 2363 763 2441 consequentias
793 2380 830 2423 ex
850 2361 890 2423 iis
913 2361 970 2422 du·
1043 2429 1047 2440 ι

61 2467 164 2531 ceado
185 2465 267 2528 haud
289 2485 396 2547 parum
418 2465 638 2542 deformarint,
673 2466 890 2528 difficillimam
912 2467 972 2527 erit

62 2574 103 2634 ad
126 2570 367 2652 diiudicandum.
415 2567 530 2648 Magno
558 2577 662 2633 tamen
689 2571 853 2632 commodo
881 2571 971 2632 nobie
1078 2625 1081 2629 .

64 2683 130 2752 est,
152 2675 235 2757 quod
256 2693 350 2734 noum
371 2674 508 2753 ipsorum
527 2696 622 2753 opus,
645 2676 724 2737 iiber
745 2677 842 2757 ignoti
865 2682 972 2736 aucto-

63 2783 107 2843 ris
128 2781 193 2841 “de
214 2780 367 2858 baptismo
388 2777 620 2838 haereticorum”
642 2781 708 2841 sive
729 2781 792 2841 “de
819 2781 973 2859 rebaptis-

64 2891 177 2959 mate”,
198 2903 236 2945 ex
256 2902 336 2964 quo,
359 2882 435 2942 licet
455 2882 595 2961 plerique
615 2883 648 2943 id
668 2883 883 2964 despexerint,
904 2901 973 2945 cer·

65 2991 184 3051 tissime
198 2988 356 3056 ,doctrinae
381 3003 488 3047 eorum
512 2986 621 3046 notitia
643 2992 710 3048 mei
731 2991 878 3069 opinione
900 2988 973 3049 eiiei

65 3098 189 3176 potest,
222 3092 312 3155 nohis
339 3090 483 3150 relictum
510 3098 567 3150 est.
610 3091 710 3173 Hujus
736 3094 830 3174 igitar
856 3093 973 3154 doctri-

66 3219 137 3260 uam
166 3199 252 3278 prius
283 3196 500 3270 tractabimus,
532 3201 567 3254 ut
594 3196 724 3272 deinde,
756 3198 845 3259 firmo
874 3198 973 3259 hocce

66 3302 270 3365 fundamento
292 3300 363 3376 nisi,
385 3301 486 3360 omnia
509 3299 578 3375 aiio,
600 3298 784 3380 aCypriano
799 3303 975 3382 ceterisque
1063 3362 1069 3370 ,

68 3408 178 3483 ιΙΙιιι,
197 3406 365 3500 ,interdum
385 3424 458 3466 vero
480 3411 639 3485 corrupta,
673 3406 824 3486 Stephani
846 3401 976 3489 ejusque

68 3509 370 3575 asseclarumetfata
391 3510 615 3589 ponderemus,
642 3518 763 3573 etcum
785 3513 976 3576 refutatione

69 3616 218 3697 Cypriani
233 3635 277 3678 se
296 3619 472 3676 ceterorum
493 3634 714 3696 compotemus.

669 3787 675 3805 ’
740 3824 788 3876 ιι·
