2236 4184
100 302 205 366 silure
223 301 377 380 viluerit,
406 304 444 364 et
472 304 584 381 sensui
615 308 690 385 ergo
721 304 784 366 loti
815 304 933 366 la'urlsti
963 279 1017 366 hie

97 394 248 495 terent,
270 408 457 487 baptismum
473 407 598 488 quidem
617 408 771 471 levaernrn
793 428 864 471 esse
883 426 1016 489 regene-

97 512 230 574 rationis
259 516 292 572 et
323 511 444 574 iontem
475 514 628 574 universae
660 514 786 590 salutis,
819 513 1016 576 solummodo

97 628 172 679 nero
196 617 254 691 ils,
275 617 344 696 qni,
373 619 478 679 studio
496 619 638 679 veritstls
658 619 761 693 duell,
790 628 850 681 una
872 638 942 680 eum
964 636 1017 679 er-

100 730 191 784 terno
205 722 325 784 lavacro
336 724 492 785 internum
505 726 631 803 quoquo
642 722 748 784 eorslls
759 724 946 804 baptismum
958 720 1018 784 Del

100 826 199 906 gratis
211 815 380 905 asrtalplunt:¹
401 833 510 889 anetor
521 830 708 907 magnopere
726 827 880 903 laudetur,
902 827 1018 909 quippe

101 936 195 1010 quum
215 930 501 1012 regenerationem,
533 939 591 1011 pel·
617 951 652 992 se
679 933 862 1012 cogitatum,
895 932 1019 1012 asym-

100 1035 176 1097 uolo
198 1030 285 1114 ejus,
308 1045 350 1096 st
377 1034 552 1116 perlectum
581 1047 650 1096 eum
676 1037 913 1118 regeneratione
942 1038 1021 1098 aliri-⁴

55 1163 56 1166 ¹
97 1141 242 1220 juratum
280 1140 469 1221 btptlsmum
507 1140 546 1200 sb
584 1140 770 1221 imperfecto
811 1141 930 1221 optlme
968 1141 1019 1201 nl·

101 1244 253 1309 alluxerit.
296 1242 389 1321 Quod
409 1254 484 1305 sero
507 1244 743 1307 conversionem
766 1250 799 1307 et
819 1248 1017 1326 peecatorum

101 1350 334 1424 remissionem,
374 1339 544 1430 spiritualis
576 1351 820 1429 regenerationis
853 1352 1018 1424 elemento,

101 1454 246 1534 periente
262 1455 416 1534 baptismo
434 1455 595 1516 hominem
609 1456 758 1536 consequi
770 1455 864 1528 dixin
887 1457 1019 1535 nequis,

101 1559 156 1620 illa
179 1556 382 1620 distinetione
399 1554 529 1640 posita,
560 1556 619 1618 hee
641 1555 671 1618 ln
693 1578 729 1618 re
750 1568 820 1619 eutn
850 1561 1019 1640 reprehen-

103 1663 166 1725 det.
210 1665 311 1741 Quum
333 1664 415 1724 euim
432 1664 510 1724 idea
529 1661 665 1743 perfecti
686 1664 834 1743 baptismi
852 1685 1019 1746 regenera-

102 1757 221 1830 tionem
243 1786 367 1848 quoque
389 1767 652 1848 comprehendat„
687 1775 720 1829 et
740 1777 871 1831 externo
894 1790 952 1831 suo
974 1770 1018 1831 si·

103 1873 177 1953 gillo
200 1874 289 1953 qussi
312 1871 469 1952 perficiat,
497 1890 605 1932 ornnes
627 1872 711 1934 illlns
733 1881 839 1954 partes
860 1874 922 1935 hoe
944 1893 1019 1936 eon-

103 1978 198 2041 tineri
220 1985 254 2039 et
274 1977 399 2059 perfici,
427 1976 534 2037 ‹lieere
556 1976 675 2037 licebit.
719 1978 839 2055 Quodsi
856 1979 925 2038 aliis
942 1978 1021 2040 locis

68 2092 77 2155 j
105 2082 330 2162 Theophilum,
350 2081 446 2142 fidem
468 2099 540 2141 esse
561 2087 731 2169 etmetnm
753 2081 810 2141 Dei
832 2088 865 2143 et
885 2087 1021 2144 sanctem

77 2228 81 2235 -
99 2188 281 2267 justamque
302 2186 407 2259 vitem,
428 2205 497 2266 quoe
517 2185 662 2246 homines
683 2171 789 2246 salvos
806 2186 951 2261 reddant,
974 2186 1022 2249 al·

104 2294 248 2353 firmasse
267 2291 495 2369 invenerimus,
522 2289 665 2364 minime,
697 2291 729 2351 ni
750 2290 862 2367 fallor,
890 2311 1023 2355 neeesse
1104 2313 1107 2321 ·

105 2398 181 2469 erit,
213 2402 250 2456 ut
275 2414 369 2475 suprs
396 2394 438 2480 de
464 2400 594 2456 auctore
615 2394 774 2474 epistolae,
805 2417 874 2476 quae
895 2398 1029 2460 nomine.

103 2502 255 2567 Bsrnsbae
275 2499 472 2573 inscribitur,
494 2505 651 2574 statuere,
672 2519 780 2579 parum
798 2501 859 2562 sibi
881 2509 1031 2567 nostrum:

105 2606 295 2673 constitisse.
349 2605 449 2681 Quum
483 2604 565 2665 enlm
596 2605 692 2665 verba
724 2605 897 2686 Theophili
931 2626 1024 2688 suprs

105 2713 231 2775 lundata
252 2708 389 2788 ambigui
417 2728 528 2770 sensus
549 2709 629 2789 sint,
642 2771 647 2784 ⁸
661 2728 720 2771 nee
743 2718 777 2771 nt
797 2713 852 2772 illo
872 2713 1022 2773 Barnabae
1102 2750 1104 2755 .

64 2804 68 2818 ’
107 2821 172 2882 sive
194 2815 465 2894 Pseudohrrnahae
493 2815 531 2874 ab
559 2813 643 2874 omni
672 2821 760 2892 perte
787 2815 868 2875 clara
895 2821 928 2874 et
953 2834 1031 2894 per-·
1072 2844 1074 2848 ⁸

107 2924 232 3004 spiens,
264 2920 360 2980 verbs
388 2920 457 3000 ejus
486 2924 588 2980 minus
618 2917 782 2996 perspicua
810 2937 846 2978 ex
874 2919 1025 2981 distinete

107 3024 264 3106 expressis
285 3025 443 3084 illustrare
464 3023 590 3094 licebit,
619 3027 652 3082 et
673 3027 828 3096 statuere,
851 3016 1032 3087 doctrinan

107 3132 177 3210 ejus
199 3128 241 3189 de
262 3129 418 3208 baptismo
436 3149 498 3189 non
514 3128 662 3208 magicam
680 3143 760 3187 esse.
803 3126 848 3188 Ut
869 3138 1032 3209 apparent,

108 3232 326 3312 Theophilum
356 3253 392 3294 re
421 3253 493 3294 vera
522 3251 626 3294 sanam
654 3232 738 3292 illem
761 3232 932 3294 doctrinam
953 3255 1026 3314 pro-

107 3337 271 3418 posuisse,
303 3317 407 3399 haeeee
440 3340 509 3420 ejus
541 3337 636 3398 verba
667 3335 810 3397 afferam:
843 3335 895 3401 “si
923 3338 1027 3402 ταῦτα

107 3441 266 3518 (etheum
286 3441 458 3520 sapientem
477 3444 612 3504 omniurn
634 3458 737 3516 rerum
756 3449 927 3506 creatorem
944 3441 1027 3513 esse)

106 3550 191 3622 νοεῖς
212 3535 366 3628 ἄνθρωπε,
398 3533 498 3627 ἁγνῶς
527 3543 583 3625 καὶ
613 3534 705 3622 ὁσίως
726 3544 781 3613 καὶ
802 3543 931 3620 δικαίως
960 3546 1028 3622 ζῶν,

665 3654 667 3659 ’
816 3655 834 3706 ὃ
