<?xml version="1.0" encoding="UTF-8"?>
<!DOCTYPE html PUBLIC "-//W3C//DTD XHTML 1.0 Transitional//EN"
    "http://www.w3.org/TR/xhtml1/DTD/xhtml1-transitional.dtd">
<html xmlns="http://www.w3.org/1999/xhtml" xml:lang="en" lang="en">
 <head>
  <title>
</title>
<meta http-equiv="Content-Type" content="text/html;charset=utf-8" />
  <meta name='ocr-system' content='tesseract 3.04.00' />
  <meta name='ocr-capabilities' content='ocr_page ocr_carea ocr_par ocr_line ocrx_word'/>
</head>
<body>
  <div class='ocr_page' id='page_1' title='image "./devieteffectibu00schugoog_0182.png"; bbox 0 0 2236 4184; ppageno 0'>
   <div class='ocr_carea' id='block_1_1' title="bbox 480 280 541 340">
    <p class='ocr_par' dir='ltr' id='par_1_1' title="bbox 480 280 541 340">
     <span class='ocr_line' id='line_1_1' title="bbox 480 280 541 340; baseline 0 0"><span class='ocrx_word' id='word_1_1' title='bbox 480 280 541 340; x_wconf 71' lang='lat' dir='ltr'><strong>toti</strong></span> 
     </span>
    </p>
   </div>
   <div class='ocr_carea' id='block_1_2' title="bbox 53 468 1051 671">
    <p class='ocr_par' dir='ltr' id='par_1_2' title="bbox 53 468 1051 671">
     <span class='ocr_line' id='line_1_2' title="bbox 53 468 964 546; baseline -0.009 -7"><span class='ocrx_word' id='word_1_2' title='bbox 53 475 146 539; x_wconf 81' lang='lat' dir='ltr'><strong>tlsma</strong></span> <span class='ocrx_word' id='word_1_3' title='bbox 168 475 310 538; x_wconf 83' lang='lat' dir='ltr'><strong>ecclcsiae</strong></span> <span class='ocrx_word' id='word_1_4' title='bbox 336 473 504 546; x_wconf 85' lang='lat' dir='ltr'><strong>haberent,</strong></span> <span class='ocrx_word' id='word_1_5' title='bbox 537 474 576 535; x_wconf 88' lang='lat' dir='ltr'><strong>ad</strong></span> <span class='ocrx_word' id='word_1_6' title='bbox 598 474 761 536; x_wconf 85' lang='lat' dir='ltr'><strong>ecclesiam</strong></span> <span class='ocrx_word' id='word_1_7' title='bbox 782 468 964 534; x_wconf 86' lang='lat' dir='ltr'><strong>necessario</strong></span> 
     </span>
     <span class='ocr_line' id='line_1_3' title="bbox 53 573 1051 671; baseline -0.012 -28"><span class='ocrx_word' id='word_1_8' title='bbox 53 582 258 671; x_wconf 78' lang='lat' dir='ltr'><strong>pertinerent,</strong></span> <span class='ocrx_word' id='word_1_9' title='bbox 281 579 430 658; x_wconf 84' lang='lat' dir='ltr'><strong>Spiritum</strong></span> <span class='ocrx_word' id='word_1_10' title='bbox 443 598 566 659; x_wconf 86' lang='lat' dir='ltr'><strong>quoque</strong></span> <span class='ocrx_word' id='word_1_11' title='bbox 580 579 614 640; x_wconf 82' lang='lat' dir='ltr'><strong>S.</strong></span> <span class='ocrx_word' id='word_1_12' title='bbox 631 598 666 641; x_wconf 83' lang='lat' dir='ltr'><strong>se</strong></span> <span class='ocrx_word' id='word_1_13' title='bbox 683 579 843 660; x_wconf 88' lang='lat' dir='ltr'><strong>impertire</strong></span> <span class='ocrx_word' id='word_1_14' title='bbox 857 593 965 655; x_wconf 83' lang='lat' dir='ltr'><strong>posse,</strong></span> <span class='ocrx_word' id='word_1_15' title='bbox 1049 573 1051 579; x_wconf 76' lang='grc'>’</span> 
     </span>
    </p>
   </div>
   <div class='ocr_carea' id='block_1_3' title="bbox 54 684 1073 777">
    <p class='ocr_par' dir='ltr' id='par_1_3' title="bbox 54 684 1073 777">
     <span class='ocr_line' id='line_1_4' title="bbox 54 684 1073 777; baseline -0.006 -31"><span class='ocrx_word' id='word_1_16' title='bbox 54 705 184 766; x_wconf 88' lang='lat' dir='ltr'><strong>eamque</strong></span> <span class='ocrx_word' id='word_1_17' title='bbox 206 687 245 745; x_wconf 88' lang='lat' dir='ltr'><strong>ob</strong></span> <span class='ocrx_word' id='word_1_18' title='bbox 269 703 391 745; x_wconf 83' lang='lat' dir='ltr'><strong>cansam</strong></span> <span class='ocrx_word' id='word_1_19' title='bbox 413 703 519 745; x_wconf 81' lang='lat' dir='ltr'><strong>manua</strong></span> <span class='ocrx_word' id='word_1_20' title='bbox 537 684 767 766; x_wconf 79' lang='lat' dir='ltr'><strong>impositionem</strong></span> <span class='ocrx_word' id='word_1_21' title='bbox 789 684 847 752; x_wconf 84' lang='lat' dir='ltr'><strong>iis,</strong></span> <span class='ocrx_word' id='word_1_22' title='bbox 868 699 965 761; x_wconf 87' lang='lat' dir='ltr'><strong>quum</strong></span> <span class='ocrx_word' id='word_1_23' title='bbox 1071 770 1073 777; x_wconf 13' lang='grc' dir='ltr'><em>Α</em></span> 
     </span>
    </p>
   </div>
   <div class='ocr_carea' id='block_1_4' title="bbox 53 786 972 3069">
    <p class='ocr_par' dir='ltr' id='par_1_4' title="bbox 53 786 966 1394">
     <span class='ocr_line' id='line_1_5' title="bbox 55 786 963 870; baseline -0.008 -18"><span class='ocrx_word' id='word_1_24' title='bbox 55 791 94 852; x_wconf 90' lang='lat' dir='ltr'><strong>ad</strong></span> <span class='ocrx_word' id='word_1_25' title='bbox 116 789 280 852; x_wconf 77' lang='lat' dir='ltr'><strong>ecclesiam</strong></span> <span class='ocrx_word' id='word_1_26' title='bbox 305 789 488 862; x_wconf 73' lang='lat' dir='ltr'><strong>transirent,</strong></span> <span class='ocrx_word' id='word_1_27' title='bbox 520 790 559 851; x_wconf 86' lang='lat' dir='ltr'><strong>ad</strong></span> <span class='ocrx_word' id='word_1_28' title='bbox 581 790 729 870; x_wconf 92' lang='lat' dir='ltr'><strong>Spiritum</strong></span> <span class='ocrx_word' id='word_1_29' title='bbox 752 789 783 850; x_wconf 89' lang='lat' dir='ltr'><strong>S.</strong></span> <span class='ocrx_word' id='word_1_30' title='bbox 807 786 963 867; x_wconf 88' lang='lat' dir='ltr'><strong>accipien-</strong></span> 
     </span>
     <span class='ocr_line' id='line_1_6' title="bbox 56 889 964 968; baseline -0.007 -11"><span class='ocrx_word' id='word_1_31' title='bbox 56 896 129 957; x_wconf 89' lang='lat' dir='ltr'><strong>dum</strong></span> <span class='ocrx_word' id='word_1_32' title='bbox 157 891 285 956; x_wconf 85' lang='lat' dir='ltr'><strong>minima&#39;</strong></span> <span class='ocrx_word' id='word_1_33' title='bbox 311 895 518 956; x_wconf 84' lang='lat' dir='ltr'><strong>necessariam</strong></span> <span class='ocrx_word' id='word_1_34' title='bbox 540 915 628 968; x_wconf 83' lang='lat' dir='ltr'><strong>esse,</strong></span> <span class='ocrx_word' id='word_1_35' title='bbox 659 894 875 957; x_wconf 78' lang='lat' dir='ltr'><strong>concederent.</strong></span> <span class='ocrx_word' id='word_1_36' title='bbox 916 889 964 952; x_wconf 86' lang='lat' dir='ltr'><strong>Ita</strong></span> 
     </span>
     <span class='ocr_line' id='line_1_7' title="bbox 53 999 966 1080; baseline -0.002 -21"><span class='ocrx_word' id='word_1_37' title='bbox 53 999 134 1061; x_wconf 86' lang='lat' dir='ltr'><strong>hano</strong></span> <span class='ocrx_word' id='word_1_38' title='bbox 154 1001 358 1072; x_wconf 88' lang='lat' dir='ltr'><strong>sententiam,</strong></span> <span class='ocrx_word' id='word_1_39' title='bbox 382 1001 454 1062; x_wconf 89' lang='lat' dir='ltr'><strong>iicet</strong></span> <span class='ocrx_word' id='word_1_40' title='bbox 475 1020 512 1061; x_wconf 83' lang='lat' dir='ltr'><strong>ex</strong></span> <span class='ocrx_word' id='word_1_41' title='bbox 533 1002 660 1060; x_wconf 88' lang='lat' dir='ltr'><strong>notione</strong></span> <span class='ocrx_word' id='word_1_42' title='bbox 682 1000 886 1080; x_wconf 75' lang='lat' dir='ltr'><strong>baptismatis,</strong></span> <span class='ocrx_word' id='word_1_43' title='bbox 907 1016 966 1076; x_wconf 81' lang='lat' dir='ltr'><strong>per</strong></span> 
     </span>
     <span class='ocr_line' id='line_1_8' title="bbox 56 1106 964 1186; baseline -0.006 -21"><span class='ocrx_word' id='word_1_44' title='bbox 56 1123 92 1165; x_wconf 87' lang='lat' dir='ltr'><strong>se</strong></span> <span class='ocrx_word' id='word_1_45' title='bbox 112 1111 261 1184; x_wconf 86' lang='lat' dir='ltr'><strong>spectatu,</strong></span> <span class='ocrx_word' id='word_1_46' title='bbox 283 1106 408 1186; x_wconf 87' lang='lat' dir='ltr'><strong>probari</strong></span> <span class='ocrx_word' id='word_1_47' title='bbox 429 1123 491 1167; x_wconf 93' lang='lat' dir='ltr'><strong>nou</strong></span> <span class='ocrx_word' id='word_1_48' title='bbox 512 1113 632 1185; x_wconf 89' lang='lat' dir='ltr'><strong>posset,</strong></span> <span class='ocrx_word' id='word_1_49' title='bbox 653 1125 690 1165; x_wconf 87' lang='lat' dir='ltr'><strong>ex</strong></span> <span class='ocrx_word' id='word_1_50' title='bbox 711 1106 873 1176; x_wconf 75' lang='lat' dir='ltr'><strong>relatione,</strong></span> <span class='ocrx_word' id='word_1_51' title='bbox 895 1120 964 1181; x_wconf 74' lang='lat' dir='ltr'><strong>qum</strong></span> 
     </span>
     <span class='ocr_line' id='line_1_9' title="bbox 55 1207 964 1289; baseline -0.003 -20"><span class='ocrx_word' id='word_1_52' title='bbox 55 1211 207 1289; x_wconf 87' lang='lat' dir='ltr'><strong>baptisma</strong></span> <span class='ocrx_word' id='word_1_53' title='bbox 228 1211 394 1271; x_wconf 81' lang='lat' dir='ltr'><strong>intercedit</strong></span> <span class='ocrx_word' id='word_1_54' title='bbox 414 1210 497 1270; x_wconf 82' lang='lat' dir='ltr'><strong>inter</strong></span> <span class='ocrx_word' id='word_1_55' title='bbox 517 1218 549 1272; x_wconf 88' lang='lat' dir='ltr'><strong>et</strong></span> <span class='ocrx_word' id='word_1_56' title='bbox 570 1211 751 1284; x_wconf 85' lang='lat' dir='ltr'><strong>ecclesiam,</strong></span> <span class='ocrx_word' id='word_1_57' title='bbox 784 1207 964 1279; x_wconf 75' lang='lat' dir='ltr'><strong>manifesto,</strong></span> 
     </span>
     <span class='ocr_line' id='line_1_10' title="bbox 54 1313 740 1394; baseline 0.003 -19"><span class='ocrx_word' id='word_1_58' title='bbox 54 1313 88 1375; x_wconf 90' lang='grc' dir='ltr'><strong>ιιΙ</strong></span> <span class='ocrx_word' id='word_1_59' title='bbox 109 1314 442 1394; x_wconf 72' lang='lat' dir='ltr'><strong>fatior,«probav1sset.</strong></span> <span class='ocrx_word' id='word_1_60' title='bbox 737 1379 740 1388; x_wconf 74' lang='grc'>,</span> 
     </span>
    </p>

    <p class='ocr_par' dir='ltr' id='par_1_5' title="bbox 53 1418 972 3069">
     <span class='ocr_line' id='line_1_11' title="bbox 137 1418 964 1500; baseline 0.004 -22"><span class='ocrx_word' id='word_1_61' title='bbox 137 1418 246 1479; x_wconf 85' lang='lat' dir='ltr'><strong>Restat</strong></span> <span class='ocrx_word' id='word_1_62' title='bbox 262 1421 345 1500; x_wconf 89' lang='lat' dir='ltr'><strong>jam,</strong></span> <span class='ocrx_word' id='word_1_63' title='bbox 377 1429 410 1480; x_wconf 87' lang='lat' dir='ltr'><strong>ut</strong></span> <span class='ocrx_word' id='word_1_64' title='bbox 430 1420 549 1499; x_wconf 84' lang='lat' dir='ltr'><strong>reliqua</strong></span> <span class='ocrx_word' id='word_1_65' title='bbox 569 1420 730 1500; x_wconf 73' lang='lat' dir='ltr'><strong>utriunque</strong></span> <span class='ocrx_word' id='word_1_66' title='bbox 758 1419 853 1498; x_wconf 86' lang='lat' dir='ltr'><strong>partis</strong></span> <span class='ocrx_word' id='word_1_67' title='bbox 875 1437 964 1497; x_wconf 75' lang='lat' dir='ltr'><strong>argu·</strong></span> 
     </span>
     <span class='ocr_line' id='line_1_12' title="bbox 56 1522 964 1602; baseline -0.003 -18"><span class='ocrx_word' id='word_1_68' title='bbox 56 1529 178 1597; x_wconf 87' lang='lat' dir='ltr'><strong>menta,</strong></span> <span class='ocrx_word' id='word_1_69' title='bbox 210 1544 277 1602; x_wconf 85' lang='lat' dir='ltr'><strong>quae</strong></span> <span class='ocrx_word' id='word_1_70' title='bbox 306 1531 407 1585; x_wconf 91' lang='lat' dir='ltr'><strong>tamen</strong></span> <span class='ocrx_word' id='word_1_71' title='bbox 436 1524 504 1584; x_wconf 78' lang='lat' dir='ltr'><strong>iere</strong></span> <span class='ocrx_word' id='word_1_72' title='bbox 531 1526 633 1585; x_wconf 88' lang='lat' dir='ltr'><strong>omnia</strong></span> <span class='ocrx_word' id='word_1_73' title='bbox 661 1525 788 1585; x_wconf 84' lang='lat' dir='ltr'><strong>minoris</strong></span> <span class='ocrx_word' id='word_1_74' title='bbox 814 1522 964 1584; x_wconf 82' lang='lat' dir='ltr'><strong>momenti</strong></span> 
     </span>
     <span class='ocr_line' id='line_1_13' title="bbox 55 1626 965 1708; baseline -0.002 -20"><span class='ocrx_word' id='word_1_75' title='bbox 55 1633 144 1701; x_wconf 81' lang='lat' dir='ltr'><strong>sunt,</strong></span> <span class='ocrx_word' id='word_1_76' title='bbox 166 1628 339 1691; x_wconf 78' lang='lat' dir='ltr'><strong>afferamus.</strong></span> <span class='ocrx_word' id='word_1_77' title='bbox 380 1626 536 1708; x_wconf 81' lang='lat' dir='ltr'><strong>Utraque,</strong></span> <span class='ocrx_word' id='word_1_78' title='bbox 559 1647 659 1688; x_wconf 80' lang='lat' dir='ltr'><strong>unum</strong></span> <span class='ocrx_word' id='word_1_79' title='bbox 679 1629 772 1690; x_wconf 89' lang='lat' dir='ltr'><strong>modo</strong></span> <span class='ocrx_word' id='word_1_80' title='bbox 794 1647 866 1688; x_wconf 90' lang='lat' dir='ltr'><strong>esse</strong></span> <span class='ocrx_word' id='word_1_81' title='bbox 887 1627 965 1706; x_wconf 88' lang='lat' dir='ltr'><strong>bap-</strong></span> 
     </span>
     <span class='ocr_line' id='line_1_14' title="bbox 56 1730 969 1813; baseline -0.005 -20"><span class='ocrx_word' id='word_1_82' title='bbox 56 1733 158 1808; x_wconf 84' lang='lat' dir='ltr'><strong>tisma,</strong></span> <span class='ocrx_word' id='word_1_83' title='bbox 178 1734 282 1794; x_wconf 83' lang='lat' dir='ltr'><strong>verbis</strong></span> <span class='ocrx_word' id='word_1_84' title='bbox 305 1735 366 1794; x_wconf 85' lang='lat' dir='ltr'><strong>iilis</strong></span> <span class='ocrx_word' id='word_1_85' title='bbox 387 1730 525 1797; x_wconf 81' lang='lat' dir='ltr'><strong>Pontinis</strong></span> <span class='ocrx_word' id='word_1_86' title='bbox 545 1733 636 1813; x_wconf 80' lang='lat' dir='ltr'><strong>(Eph.</strong></span> <span class='ocrx_word' id='word_1_87' title='bbox 648 1734 679 1806; x_wconf 83' lang='lat'><strong>4,</strong></span> <span class='ocrx_word' id='word_1_88' title='bbox 699 1734 768 1808; x_wconf 61' lang='lat' dir='ltr'><strong>dd)</strong></span> <span class='ocrx_word' id='word_1_89' title='bbox 791 1735 869 1806; x_wconf 85' lang='lat' dir='ltr'><strong>nisa,</strong></span> <span class='ocrx_word' id='word_1_90' title='bbox 891 1751 969 1793; x_wconf 58' lang='lat' dir='ltr'><strong>con«</strong></span> 
     </span>
     <span class='ocr_line' id='line_1_15' title="bbox 55 1819 964 1918; baseline -0.003 -20"><span class='ocrx_word' id='word_1_91' title='bbox 55 1819 226 1910; x_wconf 57' lang='lat' dir='ltr'><strong>tendebat}</strong></span> <span class='ocrx_word' id='word_1_92' title='bbox 242 1838 419 1918; x_wconf 75' lang='lat' dir='ltr'><strong>Stephanus</strong></span> <span class='ocrx_word' id='word_1_93' title='bbox 437 1846 537 1898; x_wconf 89' lang='lat' dir='ltr'><strong>antem</strong></span> <span class='ocrx_word' id='word_1_94' title='bbox 554 1840 685 1918; x_wconf 85' lang='lat' dir='ltr'><strong>ejusquc</strong></span> <span class='ocrx_word' id='word_1_95' title='bbox 702 1837 829 1898; x_wconf 82' lang='lat' dir='ltr'><strong>assectae</strong></span> <span class='ocrx_word' id='word_1_96' title='bbox 852 1836 964 1897; x_wconf 82' lang='lat' dir='ltr'><strong>exindo</strong></span> 
     </span>
     <span class='ocr_line' id='line_1_16' title="bbox 54 1942 966 2024; baseline -0.005 -19"><span class='ocrx_word' id='word_1_97' title='bbox 54 1944 259 2024; x_wconf 81' lang='lat' dir='ltr'><strong>collegerunt,</strong></span> <span class='ocrx_word' id='word_1_98' title='bbox 286 1943 464 2005; x_wconf 79' lang='lat' dir='ltr'><strong>haereticum</strong></span> <span class='ocrx_word' id='word_1_99' title='bbox 487 1961 610 2024; x_wconf 82' lang='lat' dir='ltr'><strong>quoque</strong></span> <span class='ocrx_word' id='word_1_100' title='bbox 631 1942 783 2021; x_wconf 86' lang='lat' dir='ltr'><strong>baptisma</strong></span> <span class='ocrx_word' id='word_1_101' title='bbox 805 1961 909 2000; x_wconf 81' lang='lat' dir='ltr'><strong>acrum</strong></span> <span class='ocrx_word' id='word_1_102' title='bbox 932 1947 966 2000; x_wconf 84' lang='lat' dir='ltr'><strong>et</strong></span> 
     </span>
     <span class='ocr_line' id='line_1_17' title="bbox 53 2047 964 2126; baseline 0 -18"><span class='ocrx_word' id='word_1_103' title='bbox 53 2056 155 2109; x_wconf 86' lang='lat' dir='ltr'><strong>ratum</strong></span> <span class='ocrx_word' id='word_1_104' title='bbox 178 2067 265 2121; x_wconf 85' lang='lat' dir='ltr'><strong>esse,</strong></span> <span class='ocrx_word' id='word_1_105' title='bbox 296 2068 389 2126; x_wconf 87' lang='lat' dir='ltr'><strong>quum</strong></span> <span class='ocrx_word' id='word_1_106' title='bbox 417 2048 492 2108; x_wconf 86' lang='lat' dir='ltr'><strong>atius</strong></span> <span class='ocrx_word' id='word_1_107' title='bbox 521 2048 582 2107; x_wconf 92' lang='lat' dir='ltr'><strong>duo</strong></span> <span class='ocrx_word' id='word_1_108' title='bbox 611 2053 717 2108; x_wconf 85' lang='lat' dir='ltr'><strong>essent</strong></span> <span class='ocrx_word' id='word_1_109' title='bbox 744 2047 964 2125; x_wconf 84' lang='lat' dir='ltr'><strong>baptismnta¹;</strong></span> 
     </span>
     <span class='ocr_line' id='line_1_18' title="bbox 54 2152 965 2233; baseline -0.003 -21"><span class='ocrx_word' id='word_1_110' title='bbox 54 2152 228 2233; x_wconf 76' lang='lat' dir='ltr'><strong>Cyprianus</strong></span> <span class='ocrx_word' id='word_1_111' title='bbox 259 2161 366 2213; x_wconf 84' lang='lat' dir='ltr'><strong>contro</strong></span> <span class='ocrx_word' id='word_1_112' title='bbox 388 2153 488 2232; x_wconf 83' lang='lat' dir='ltr'><strong>iique,</strong></span> <span class='ocrx_word' id='word_1_113' title='bbox 519 2153 571 2232; x_wconf 90' lang='lat' dir='ltr'><strong>qui</strong></span> <span class='ocrx_word' id='word_1_114' title='bbox 593 2172 611 2213; x_wconf 86' lang='lat' dir='ltr'><strong>a</strong></span> <span class='ocrx_word' id='word_1_115' title='bbox 633 2158 720 2232; x_wconf 87' lang='lat' dir='ltr'><strong>parte</strong></span> <span class='ocrx_word' id='word_1_116' title='bbox 741 2153 809 2232; x_wconf 84' lang='lat' dir='ltr'><strong>ejus</strong></span> <span class='ocrx_word' id='word_1_117' title='bbox 831 2152 965 2223; x_wconf 88' lang='lat' dir='ltr'><strong>stabant,</strong></span> 
     </span>
     <span class='ocr_line' id='line_1_19' title="bbox 54 2255 965 2337; baseline -0.007 -19"><span class='ocrx_word' id='word_1_118' title='bbox 54 2258 207 2337; x_wconf 87' lang='lat' dir='ltr'><strong>baptisma</strong></span> <span class='ocrx_word' id='word_1_119' title='bbox 229 2258 372 2318; x_wconf 82' lang='lat' dir='ltr'><strong>ecclesiae</strong></span> <span class='ocrx_word' id='word_1_120' title='bbox 394 2277 410 2318; x_wconf 90' lang='lat' dir='ltr'><strong>a</strong></span> <span class='ocrx_word' id='word_1_121' title='bbox 431 2257 668 2336; x_wconf 84' lang='lat' dir='ltr'><strong>baptismatibus</strong></span> <span class='ocrx_word' id='word_1_122' title='bbox 688 2255 843 2318; x_wconf 80' lang='lat' dir='ltr'><strong>haeretiois</strong></span> <span class='ocrx_word' id='word_1_123' title='bbox 865 2255 965 2315; x_wconf 86' lang='lat' dir='ltr'><strong>schis-</strong></span> 
     </span>
     <span class='ocr_line' id='line_1_20' title="bbox 54 2361 965 2442; baseline -0.005 -19"><span class='ocrx_word' id='word_1_124' title='bbox 54 2362 240 2442; x_wconf 86' lang='lat' dir='ltr'><strong>maticisqnc</strong></span> <span class='ocrx_word' id='word_1_125' title='bbox 258 2361 350 2441; x_wconf 84' lang='lat' dir='ltr'><strong>piane</strong></span> <span class='ocrx_word' id='word_1_126' title='bbox 368 2361 522 2422; x_wconf 87' lang='lat' dir='ltr'><strong>diversum</strong></span> <span class='ocrx_word' id='word_1_127' title='bbox 537 2363 738 2433; x_wconf 82' lang='lat' dir='ltr'><strong>oestimantes,</strong></span> <span class='ocrx_word' id='word_1_128' title='bbox 760 2379 851 2440; x_wconf 81' lang='lat' dir='ltr'><strong>quum</strong></span> <span class='ocrx_word' id='word_1_129' title='bbox 871 2377 965 2418; x_wconf 88' lang='lat' dir='ltr'><strong>unum</strong></span> 
     </span>
     <span class='ocr_line' id='line_1_21' title="bbox 54 2464 965 2546; baseline -0.007 -19"><span class='ocrx_word' id='word_1_130' title='bbox 54 2467 149 2527; x_wconf 89' lang='lat' dir='ltr'><strong>modo</strong></span> <span class='ocrx_word' id='word_1_131' title='bbox 171 2473 256 2527; x_wconf 84' lang='lat' dir='ltr'><strong>esset</strong></span> <span class='ocrx_word' id='word_1_132' title='bbox 276 2467 444 2546; x_wconf 75' lang='lat' dir='ltr'><strong>baptimo,</strong></span> <span class='ocrx_word' id='word_1_133' title='bbox 476 2472 529 2526; x_wconf 86' lang='lat' dir='ltr'><strong>aut</strong></span> <span class='ocrx_word' id='word_1_134' title='bbox 551 2466 695 2545; x_wconf 77' lang='lat' dir='ltr'><strong>,ecciesire</strong></span> <span class='ocrx_word' id='word_1_135' title='bbox 723 2471 782 2525; x_wconf 89' lang='lat' dir='ltr'><strong>ant·</strong></span> <span class='ocrx_word' id='word_1_136' title='bbox 800 2464 965 2524; x_wconf 79' lang='lat' dir='ltr'><strong>haeretioo-</strong></span> 
     </span>
     <span class='ocr_line' id='line_1_22' title="bbox 53 2558 966 2635; baseline -0.004 -6"><span class='ocrx_word' id='word_1_137' title='bbox 53 2589 123 2630; x_wconf 89' lang='lat' dir='ltr'><strong>rum</strong></span> <span class='ocrx_word' id='word_1_138' title='bbox 151 2569 265 2631; x_wconf 81' lang='lat' dir='ltr'><strong>falsum</strong></span> <span class='ocrx_word' id='word_1_139' title='bbox 293 2590 364 2631; x_wconf 86' lang='lat' dir='ltr'><strong>esse</strong></span> <span class='ocrx_word' id='word_1_140' title='bbox 392 2571 619 2633; x_wconf 83' lang='lat' dir='ltr'><strong>concluserunt.</strong></span> <span class='ocrx_word' id='word_1_141' title='bbox 649 2558 798 2631; x_wconf 67' lang='lat' dir='ltr'><strong>&#39;“Nescio</strong></span> <span class='ocrx_word' id='word_1_142' title='bbox 821 2564 966 2635; x_wconf 85' lang='lat' dir='ltr'><strong>etenirn,”</strong></span> 
     </span>
     <span class='ocr_line' id='line_1_23' title="bbox 53 2672 967 2756; baseline -0.004 -24"><span class='ocrx_word' id='word_1_143' title='bbox 53 2674 156 2753; x_wconf 81' lang='lat' dir='ltr'><strong>inquit</strong></span> <span class='ocrx_word' id='word_1_144' title='bbox 167 2674 357 2754; x_wconf 80' lang='lat' dir='ltr'><strong>Cyprianus,</strong></span> <span class='ocrx_word' id='word_1_145' title='bbox 379 2678 462 2756; x_wconf 83' lang='lat' dir='ltr'><strong>“qne</strong></span> <span class='ocrx_word' id='word_1_146' title='bbox 483 2676 701 2755; x_wconf 79' lang='lat' dir='ltr'><strong>praesumtione</strong></span> <span class='ocrx_word' id='word_1_147' title='bbox 723 2675 876 2736; x_wconf 85' lang='lat' dir='ltr'><strong>ducuntur·</strong></span> <span class='ocrx_word' id='word_1_148' title='bbox 897 2672 967 2750; x_wconf 81' lang='lat' dir='ltr'><strong>qui-</strong></span> 
     </span>
     <span class='ocr_line' id='line_1_24' title="bbox 55 2772 964 2860; baseline -0.004 -23"><span class='ocrx_word' id='word_1_149' title='bbox 55 2778 126 2838; x_wconf 87' lang='lat' dir='ltr'><strong>dum</strong></span> <span class='ocrx_word' id='word_1_150' title='bbox 149 2778 190 2838; x_wconf 85' lang='lat' dir='ltr'><strong>dc</strong></span> <span class='ocrx_word' id='word_1_151' title='bbox 211 2780 339 2859; x_wconf 75' lang='lat' dir='ltr'><strong>collegis</strong></span> <span class='ocrx_word' id='word_1_152' title='bbox 362 2780 494 2853; x_wconf 84' lang='lat' dir='ltr'><strong>nostris,</strong></span> <span class='ocrx_word' id='word_1_153' title='bbox 522 2789 557 2840; x_wconf 94' lang='lat' dir='ltr'><strong>ut</strong></span> <span class='ocrx_word' id='word_1_154' title='bbox 576 2787 686 2860; x_wconf 78' lang='lat' dir='ltr'><strong>putent</strong></span> <span class='ocrx_word' id='word_1_155' title='bbox 707 2772 785 2855; x_wconf 76' lang='lat' dir='ltr'><strong>eos,</strong></span> <span class='ocrx_word' id='word_1_156' title='bbox 810 2779 861 2858; x_wconf 83' lang='lat' dir='ltr'><strong>qui</strong></span> <span class='ocrx_word' id='word_1_157' title='bbox 884 2775 964 2853; x_wconf 85' lang='lat' dir='ltr'><strong>apud</strong></span> 
     </span>
     <span class='ocr_line' id='line_1_25' title="bbox 53 2881 972 2963; baseline -0.007 -21"><span class='ocrx_word' id='word_1_158' title='bbox 53 2883 222 2945; x_wconf 75' lang='lat' dir='ltr'><strong>haereticos</strong></span> <span class='ocrx_word' id='word_1_159' title='bbox 253 2884 344 2945; x_wconf 86' lang='lat' dir='ltr'><strong>tincti</strong></span> <span class='ocrx_word' id='word_1_160' title='bbox 374 2890 464 2959; x_wconf 92' lang='lat' dir='ltr'><strong>sunt,</strong></span> <span class='ocrx_word' id='word_1_161' title='bbox 500 2885 623 2963; x_wconf 84' lang='lat' dir='ltr'><strong>quaudo</strong></span> <span class='ocrx_word' id='word_1_162' title='bbox 655 2885 694 2945; x_wconf 93' lang='lat' dir='ltr'><strong>ad</strong></span> <span class='ocrx_word' id='word_1_163' title='bbox 725 2903 783 2945; x_wconf 90' lang='lat' dir='ltr'><strong>nos</strong></span> <span class='ocrx_word' id='word_1_164' title='bbox 812 2881 972 2949; x_wconf 79' lang='lat' dir='ltr'><strong>venerint,</strong></span> 
     </span>
     <span class='ocr_line' id='line_1_26' title="bbox 53 2987 964 3069; baseline -0.004 -22"><span class='ocrx_word' id='word_1_165' title='bbox 53 2987 217 3069; x_wconf 66' lang='lat' dir='ltr'><strong>baptizari,</strong></span> <span class='ocrx_word' id='word_1_166' title='bbox 239 3006 302 3049; x_wconf 88' lang='lat' dir='ltr'><strong>nou</strong></span> <span class='ocrx_word' id='word_1_167' title='bbox 333 2994 498 3068; x_wconf 82' lang='lat' dir='ltr'><strong>oportere,</strong></span> <span class='ocrx_word' id='word_1_168' title='bbox 531 3007 569 3049; x_wconf 90' lang='lat' dir='ltr'><strong>eo</strong></span> <span class='ocrx_word' id='word_1_169' title='bbox 598 2988 680 3067; x_wconf 81' lang='lat' dir='ltr'><strong>quod</strong></span> <span class='ocrx_word' id='word_1_170' title='bbox 714 2989 833 3061; x_wconf 84' lang='lat' dir='ltr'><strong>dicant,</strong></span> <span class='ocrx_word' id='word_1_171' title='bbox 872 3003 964 3045; x_wconf 92' lang='lat' dir='ltr'><strong>unum</strong></span> 
     </span>
    </p>
   </div>
   <div class='ocr_carea' id='block_1_5' title="bbox 91 3264 965 3332">
    <p class='ocr_par' dir='ltr' id='par_1_6' title="bbox 91 3264 965 3332">
     <span class='ocr_line' id='line_1_27' title="bbox 91 3264 965 3332; baseline -0.001 -13"><span class='ocrx_word' id='word_1_172' title='bbox 91 3269 117 3332; x_wconf 89' lang='lat'><strong>¹)</strong></span> <span class='ocrx_word' id='word_1_173' title='bbox 134 3267 299 3320; x_wconf 82' lang='lat' dir='ltr'><strong>Perversnm</strong></span> <span class='ocrx_word' id='word_1_174' title='bbox 316 3267 385 3320; x_wconf 87' lang='lat' dir='ltr'><strong>hanc</strong></span> <span class='ocrx_word' id='word_1_175' title='bbox 403 3266 606 3320; x_wconf 80' lang='lat' dir='ltr'><strong>conclusionem</strong></span> <span class='ocrx_word' id='word_1_176' title='bbox 623 3267 762 3330; x_wconf 74' lang='lat' dir='ltr'><strong>Rcttbarg</strong></span> <span class='ocrx_word' id='word_1_177' title='bbox 790 3264 877 3330; x_wconf 84' lang='lat' dir='ltr'><strong>(libro</strong></span> <span class='ocrx_word' id='word_1_178' title='bbox 893 3265 965 3318; x_wconf 85' lang='lat' dir='ltr'><strong>laud.</strong></span> 
     </span>
    </p>
   </div>
   <div class='ocr_carea' id='block_1_6' title="bbox 55 3446 976 3798">
    <p class='ocr_par' dir='ltr' id='par_1_7' title="bbox 55 3446 976 3798">
     <span class='ocr_line' id='line_1_28' title="bbox 55 3446 968 3521; baseline -0.002 -20"><span class='ocrx_word' id='word_1_179' title='bbox 55 3466 117 3502; x_wconf 88' lang='lat' dir='ltr'><strong>man</strong></span> <span class='ocrx_word' id='word_1_180' title='bbox 136 3449 195 3502; x_wconf 83' lang='lat' dir='ltr'><strong>sich</strong></span> <span class='ocrx_word' id='word_1_181' title='bbox 212 3450 285 3504; x_wconf 75' lang='lat' dir='ltr'><strong>wohl</strong></span> <span class='ocrx_word' id='word_1_182' title='bbox 304 3449 380 3502; x_wconf 86' lang='lat' dir='ltr'><strong>nicht</strong></span> <span class='ocrx_word' id='word_1_183' title='bbox 397 3451 515 3514; x_wconf 72' lang='lat' dir='ltr'><strong>dannan,</strong></span> <span class='ocrx_word' id='word_1_184' title='bbox 532 3451 576 3502; x_wconf 86' lang='lat' dir='ltr'><strong>uls</strong></span> <span class='ocrx_word' id='word_1_185' title='bbox 593 3451 655 3503; x_wconf 83' lang='lat' dir='ltr'><strong>dass</strong></span> <span class='ocrx_word' id='word_1_186' title='bbox 672 3449 717 3503; x_wconf 87' lang='lat' dir='ltr'><strong>die</strong></span> <span class='ocrx_word' id='word_1_187' title='bbox 728 3448 886 3521; x_wconf 78' lang='lat' dir='ltr'><strong>Wohrhoit,</strong></span> <span class='ocrx_word' id='word_1_188' title='bbox 903 3446 968 3500; x_wconf 73' lang='lat' dir='ltr'><strong>weil</strong></span> 
     </span>
     <span class='ocr_line' id='line_1_29' title="bbox 56 3538 972 3613; baseline 0.001 -21"><span class='ocrx_word' id='word_1_189' title='bbox 56 3541 94 3592; x_wconf 83' lang='lat' dir='ltr'><strong>sio</strong></span> <span class='ocrx_word' id='word_1_190' title='bbox 109 3558 164 3609; x_wconf 75' lang='lat' dir='ltr'><strong>pur</strong></span> <span class='ocrx_word' id='word_1_191' title='bbox 182 3541 242 3593; x_wconf 82' lang='lat' dir='ltr'><strong>aina</strong></span> <span class='ocrx_word' id='word_1_192' title='bbox 259 3541 312 3606; x_wconf 83' lang='lat' dir='ltr'><strong>ist,</strong></span> <span class='ocrx_word' id='word_1_193' title='bbox 334 3540 398 3605; x_wconf 84' lang='lat' dir='ltr'><strong>jede</strong></span> <span class='ocrx_word' id='word_1_194' title='bbox 416 3542 467 3595; x_wconf 78' lang='lat' dir='ltr'><strong>Art</strong></span> <span class='ocrx_word' id='word_1_195' title='bbox 490 3543 537 3595; x_wconf 83' lang='lat' dir='ltr'><strong>der</strong></span> <span class='ocrx_word' id='word_1_196' title='bbox 557 3543 635 3613; x_wconf 73' lang='lat' dir='ltr'><strong>Inigp</strong></span> <span class='ocrx_word' id='word_1_197' title='bbox 654 3543 707 3611; x_wconf 79' lang='lat' dir='ltr'><strong>ruit</strong></span> <span class='ocrx_word' id='word_1_198' title='bbox 726 3543 754 3599; x_wconf 86' lang='lat' dir='ltr'><strong>in</strong></span> <span class='ocrx_word' id='word_1_199' title='bbox 773 3540 833 3593; x_wconf 85' lang='lat' dir='ltr'><strong>sich</strong></span> <span class='ocrx_word' id='word_1_200' title='bbox 851 3538 972 3593; x_wconf 61' lang='lat' dir='ltr'><strong>auinaiaa</strong></span> 
     </span>
     <span class='ocr_line' id='line_1_30' title="bbox 56 3633 968 3703; baseline 0.001 -21"><span class='ocrx_word' id='word_1_201' title='bbox 56 3647 117 3683; x_wconf 85' lang='lat' dir='ltr'><strong>mou</strong></span> <span class='ocrx_word' id='word_1_202' title='bbox 135 3634 241 3696; x_wconf 77' lang='lat' dir='ltr'><strong>mdsne3</strong></span> <span class='ocrx_word' id='word_1_203' title='bbox 268 3637 344 3686; x_wconf 79' lang='lat' dir='ltr'><strong>sonet</strong></span> <span class='ocrx_word' id='word_1_204' title='bbox 367 3635 479 3687; x_wconf 80' lang='lat' dir='ltr'><strong>stindau</strong></span> <span class='ocrx_word' id='word_1_205' title='bbox 498 3633 529 3698; x_wconf 85' lang='lat' dir='ltr'><strong>ju</strong></span> <span class='ocrx_word' id='word_1_206' title='bbox 552 3634 620 3687; x_wconf 76' lang='lat' dir='ltr'><strong>auci</strong></span> <span class='ocrx_word' id='word_1_207' title='bbox 637 3634 864 3703; x_wconf 62' lang='lat' dir='ltr'><strong>Bahanptuugen,</strong></span> <span class='ocrx_word' id='word_1_208' title='bbox 879 3645 968 3702; x_wconf 75' lang='lat' dir='ltr'><strong>gcgcn</strong></span> 
     </span>
     <span class='ocr_line' id='line_1_31' title="bbox 56 3706 976 3798; baseline 0.007 -25"><span class='ocrx_word' id='word_1_209' title='bbox 56 3720 199 3786; x_wconf 83' lang='lat' dir='ltr'><strong>einander,</strong></span> <span class='ocrx_word' id='word_1_210' title='bbox 219 3724 299 3777; x_wconf 83' lang='lat' dir='ltr'><strong>deren</strong></span> <span class='ocrx_word' id='word_1_211' title='bbox 314 3724 374 3791; x_wconf 80' lang='lat' dir='ltr'><strong>jede</strong></span> <span class='ocrx_word' id='word_1_212' title='bbox 392 3725 436 3778; x_wconf 87' lang='lat' dir='ltr'><strong>dia</strong></span> <span class='ocrx_word' id='word_1_213' title='bbox 455 3725 599 3781; x_wconf 83' lang='lat' dir='ltr'><strong>Wohrhait</strong></span> <span class='ocrx_word' id='word_1_214' title='bbox 617 3725 675 3798; x_wconf 76' lang='lat' dir='ltr'><strong>eoin</strong></span> <span class='ocrx_word' id='word_1_215' title='bbox 694 3724 787 3791; x_wconf 76' lang='lat' dir='ltr'><strong>rriiiP&#39;¹</strong></span> <span class='ocrx_word' id='word_1_216' title='bbox 971 3706 976 3713; x_wconf 37' lang='lat'><em>⁶</em></span> 
     </span>
    </p>
   </div>
   <div class='ocr_carea' id='block_1_7' title="bbox 0 0 1124 4184">
    <p class='ocr_par' dir='ltr' id='par_1_8' title="bbox 0 0 1124 4184">
     <span class='ocr_line' id='line_1_32' title="bbox 0 0 1124 4184; baseline 0 0"><span class='ocrx_word' id='word_1_217' title='bbox 0 0 1124 4184; x_wconf 95' lang='lat' dir='ltr'><strong> </strong></span> 
     </span>
    </p>
   </div>
  </div>
 </body>
</html>
