2236 4184
523 275 584 338 188

393 565 711 683 Conspectus.

99 728 222 860 Quum
239 777 303 857 jam
327 777 480 854 eipiicare
494 776 603 836 'conati
625 781 738 850 simus,
764 778 922 856 quomodo
938 765 1006 840 ‘sin-

99 882 162 958 goii
185 880 327 942 ecciesiae
344 866 488 941 doctores
504 881 716 960 antiquissimo
732 888 875 960 tempore
892 882 1005 961 dogma

99 986 242 1066 baptismi
265 985 473 1063 exposuerint,
495 991 594 1044 restat
611 986 714 1058 modo,
735 993 771 1046 ut
786 1004 921 1046 sommas
938 986 1005 1046 dic·

99 1099 200 1150 torum
222 1088 402 1149 brevissime
423 1089 619 1167 coiiigamns,
640 1090 825 1169 brevemque
847 1084 1006 1170 compara·

99 1195 216 1256 tionem
233 1195 314 1254 inter
330 1204 432 1274 patres
451 1202 703 1256 commemoratos
715 1195 923 1267 instituamus,
944 1213 1006 1273 qino

100 1298 213 1358 ciasius
235 1306 396 1377 appareat,
429 1299 635 1378 crematione
663 1300 740 1359 iiind
763 1301 873 1381 dogma
898 1288 1007 1378 priaiis

100 1405 223 1464 aoecuiis
245 1406 379 1463 ercitum
401 1402 512 1475 inerit,
544 1421 673 1482 queque
701 1390 830 1464 fuerint
844 1403 937 1484 hujus
958 1422 1007 1462 ra·

99 1508 194 1569 tionis
217 1528 326 1568 cauaae.

181 1610 214 1670 iu
248 1611 474 1693 prolegomenis
501 1614 565 1694 jam
598 1613 745 1686 diximus,
777 1611 861 1690 ipsas
888 1611 1005 1672 divinas

99 1731 150 1772 res
172 1732 240 1774 caim
263 1720 397 1777 externis
416 1736 520 1777 carum
545 1718 695 1796 symbolis
712 1724 744 1776 et
760 1715 869 1776 formis
886 1717 1007 1796 pierosss

101 1838 161 1896 qne
179 1829 283 1898 patres
301 1823 492 1897 confodisse,
514 1842 603 1903 quam
620 1821 802 1912 sententiam
816 1821 1007 1899 singulorum

101 1923 257 1984 doctrines
281 1928 469 2007 explicando·
487 1928 675 2006 experientit
702 1929 861 2005 probatam
888 1927 1007 1986 inveni-

21 2056 25 2065 ·
101 2045 184 2100 mns3
217 2038 355 2108 quotuor
377 2033 456 2091 enim
480 2032 572 2093 hasce
593 2033 811 2109 confusiones,
843 2050 1007 2111 regenera-

7 2132 11 2139 '
100 2129 195 2190 tionis
219 2153 286 2193 com
309 2135 478 2214 baptismo,
512 2137 795 2196 communicationis
817 2136 952 2214 Spiritus
975 2135 1007 2195 S.

101 2254 170 2294 cum
198 2238 396 2316 impositione
422 2261 545 2312 monus,
578 2242 720 2302 ecciesiae
748 2241 911 2300 tnvtstbttta
939 2258 1007 2300 oum

100 2340 227 2414 visibili,
250 2346 419 2422 spiritualia
432 2344 597 2404 Christiani
617 2344 786 2405 sacerdotii
798 2362 865 2403 cuna
880 2351 1007 2403 esterno

100 2441 230 2506 Jndaico
250 2450 435 2521 sacerdotio,
457 2451 571 2510 sensim
586 2450 745 2509 exstitisse
765 2449 916 2516 vidimus,
944 2449 1007 2508 Ha·

101 2568 168 2608 runa
192 2551 249 2610 ista
272 2555 515 2632 regenerationis
534 2573 601 2613 cum
619 2553 771 2632 baptismo
789 2553 932 2613 confusio
956 2573 1007 2612 an-

102 2653 275 2731 tiquissima
304 2664 369 2718 erat
395 2665 427 2716 ct
454 2659 595 2718 omnibus
625 2677 711 2736 paene
733 2657 919 2728 communis3
953 2677 1008 2717 neo

101 2754 232 2817 diiiiciie
254 2769 303 2819 est
323 2762 362 2821 ad
383 2761 612 2841 explicandum,
642 2781 777 2840 quaenam
799 2761 897 2821 fuerit
918 2757 1008 2821 causa

103 2860 188 2940 ejus3
220 2882 312 2940 quum
342 2869 423 2926 enim
450 2872 568 2945 patrum
599 2867 739 2945 pieriqne
761 2884 822 2926 non
844 2867 946 2944 prins,
978 2866 1008 2926 ni

101 2963 213 3041 i'aiior,
236 2968 420 3047 baptismam
441 2974 651 3050 susciperent,
674 2989 779 3048 quam,
804 2989 877 3029 vera
899 2970 1007 3049 poeni·

102 3071 199 3129 tentia
222 3080 254 3131 et
273 3073 337 3134 tide
359 3076 460 3148 diroti,
483 3074 733 3154 apudiihristum
756 3073 855 3133 solnm
878 3075 1008 3134 satutem

103 3178 297 3261 quaerendam
327 3199 396 3263 esse
424 3185 643 3258 agnoscerent:
673 3178 772 3255 tacite
800 3179 868 3238 ficri
897 3179 1008 3257 potuit,

102 3283 148 3351 ui,
176 3282 319 3357 perfecte
341 3283 499 3364 baptizati,
520 3283 711 3364 spiritualem
733 3284 1008 3367 regenerationem,

103 3402 171 3442 cum
192 3372 343 3465 baptismo
357 3370 501 3473 ..ipsorum
524 3388 633 3450 intime
655 3386 858 3464 conjunctam,
882 3389 919 3447 ab
940 3382 1008 3466 ipso

103 3487 223 3566 lavacro
246 3510 307 3551 non
324 3493 553 3571 dignoscerent,
576 3499 679 3551 contro
692 3510 775 3563 aero,
798 3513 889 3570 quum
912 3493 1009 3553 hocce

105 3591 226 3653 demum
254 3597 497 3673 regenerationis
515 3595 665 3672 symbolo
688 3594 726 3652 de
749 3597 849 3655 suisne
876 3615 931 3654 sna
959 3597 1009 3654 iir-

104 3697 195 3756 miter
217 3699 290 3778 ipsts
314 3718 491 3778 persuasum
514 3706 615 3773 esset..
646 3699 744 3778 ipsius
765 3701 1008 3778 regenerationis
