2236 4184
526 279 586 347 iit

92 457 202 543 'tamen
225 479 430 552 laudandum,
452 476 535 558 quod
557 478 618 559 ipsi
634 479 831 558 regenerasti
848 478 1016 562 baptismo,

94 604 159 648 uec
182 603 274 666 pravo
297 585 344 645 illi
366 583 532 644 exorcismi
549 585 640 657 ritui,
661 584 743 645 hsnc
762 583 823 643 vim
845 582 1016 642 tribuit.-

92 690 261 771 '0rlginale
291 689 444 769 imprimis
477 695 637 767 peccatum
669 689 732 750 hoc
767 685 1016 767 regenerationis

95 796 217 858 lavacro
235 795 312 856 dilui
332 794 442 861 sloeet,
464 792 655 872 eodemque,
678 812 770 873 qurum
792 796 836 854 ita
856 793 1017 855 hominem

95 906 218 982 purget,
242 901 316 961 licet
335 896 536 976 fragilitatem
555 900 623 974 eins
642 896 734 975 plane
752 897 910 959 eradicare
932 896 1016 958 haud

94 1007 209 1079 valeat,
232 1004 448 1065 remissionem
463 1002 593 1065 concedi
610 1001 753 1078 afiirmat.
795 1003 927 1076 Minime
941 1020 1014 1063 soro

93 1110 292 1170 intellexisse
331 1108 472 1182 videtur,
512 1109 737 1188 justificatione
776 1108 878 1168 divina
916 1102 1017 1169 conti-

95 1233 187 1276 nuam
219 1213 355 1274 hominis
387 1213 539 1273 rationem
573 1212 621 1273 sd'
644 1213 836 1273 salutiferam
862 1214 918 1272 liei
947 1232 1016 1292 grs-

80 1320 170 1386 ‚tlam
202 1335 275 1378 esse
305 1317 482 1392 conditam,
516 1323 551 1378 ut
580 1319 675 1378 homo
702 1319 894 1400 justificatus
924 1319 1015 1380 noeis

93 1533 188 1588 omnia
203 1544 252 1602 por
266 1531 438 1585 mendacium
453 1536 591 1601 aguntum
611 1530 659 1585 ubi
670 1530 806 1587 exorcisat
817 1533 1015 1600 demoniacum

93 1631 298 1679 sacramentum
322 1623 496 1692 interrogat,
527 1625 605 1690 culus
623 1641 653 1678 os
664 1611 699 1678 'et
717 1627 802 1679 verba
819 1642 916 1680 cancer
933 1626 1015 1680 cmit-

94 1724 173 1782 tuut3
200 1716 282 1769 tideus
300 1717 349 1768 dat
365 1714 503 1780 inlidellsr
527 1717 637 1770 veniam
655 1717 818 1770 delictorum
839 1719 939 1772 tribuit
956 1735 1014 1773 see·

94 1810 218 1874 iuratum
235 1807 264 1860 in
282 1807 393 1860 nominc
406 1808 510 1863 christi
528 1808 613 1877 tingit
627 1809 825 1873 antichristum
843 1809 980 1863 benedicit
996 1827 1015 1865 a

94 1902 152 1954 lieo
163 1899 345 1965 maledictus,
363 1899 451 1952 vitam
464 1899 616 1969 pollicetur
629 1909 770 1964 mortuum
790 1919 883 1971 pacem
898 1905 945 1955 dat
959 1902 1014 1955 iur-

95 1992 237 2060 paciacum
253 1992 341 2043 Deum
351 1990 462 2044 invocat
471 1992 663 2062 blasphemum
675 1992 749 2060 sqq.”
758 2021 793 2031 -
802 2011 856 2061 quo
867 1993 927 2048 loco
936 2013 1014 2049 cror-

93 2084 211 2139 cissuuus
230 2100 445 2151 commemorare
460 2082 580 2148 videtur,
598 2089 630 2136 ut
647 2082 672 2137 si
690 2072 797 2151 primus
810 2091 881 2138 essct
896 2087 1014 2154 rituum,

93 2172 121 2227 in
144 2174 313 2243 baptismate
336 2174 563 2229 adhibendorum.
603 2177 671 2242 lile,
699 2176 861 2230 “hereticos
884 2175 1014 2244 scimus,”

93 2264 197 2333 iuquit,
210 2268 288 2318 “csse
296 2267 411 2334 pejores,
421 2285 503 2335 quam
514 2266 654 2334 ethnicos3
668 2269 692 2322 si
702 2286 768 2339 crgo
778 2271 904 2322 conversi
913 2273 947 2324 ad
957 2272 1014 2326 lio·

93 2356 201 2411 ninum
211 2357 307 2410 venire
316 2357 466 2423 volueriut,
485 2361 618 2414 hebernus
630 2360 727 2428 utiquc
737 2361 864 2430 regulam
873 2363 1013 2431 veritatis,

93 2465 178 2516 quam
193 2449 329 2513 Dominus
343 2457 477 2520 precepto
493 2451 588 2507 divino
606 2451 747 2507 mandarit
759 2454 892 2520 apostolis
906 2457 1011 2512 diceasr
1058 2450 1061 2454 ’

94 2541 146 2605 lto,
171 2541 199 2594 in
218 2541 404 2597 nominemus
421 2558 534 2598 manum
553 2544 701 2614 imponite,
720 2545 851 2601 demonia
869 2549 1012 2616 expellite,

95 2639 123 2686 et
140 2632 200 2687 alio
216 2633 293 2686 locor
312 2634 363 2697 lte,
381 2636 476 2688 dooctc
487 2642 593 2705 gentes,
610 2635 781 2706 baptizantes
797 2656 842 2691 cos
860 2639 887 2692 in
903 2641 1013 2697 nomino

94 2723 124 2781 P.
136 2725 171 2797 F,
186 2724 236 2792 Sp.
248 2723 276 2776 S.
310 2726 389 2794 Ergo
405 2727 497 2795 primo
515 2745 678 2797 permanat
696 2729 901 2797 impositionem
920 2731 948 2787 in
966 2751 1012 2789 ex-

95 2816 223 2885 orcismo,
242 2817 361 2868 secundo
379 2835 428 2885 per
445 2819 576 2886 baptismi
595 2819 853 2889 regenerationem,
871 2832 936 2876 tunc
951 2845 1012 2899 pos-

93 2907 159 2961 'sum
181 2909 215 2960 ud
241 2907 347 2960 Christi
375 2907 604 2978 pollicitationem
626 2913 747 2966 venire.”
790 2914 900 2982 Quibus
925 2900 1012 2986 igitur

93 2998 188 3052 verbis
206 2998 387 3052 exorcismum
405 3016 468 3052 cum
487 3001 652 3069 baptismate
669 3005 768 3058 intimo
783 3005 933 3071 conjunxit.
954 3006 1012 3062 ‘sit-

94 3095 187 3144 taruco
201 3090 230 3144 ln
242 3092 357 3145 dubiam
374 3091 469 3145 vocari
487 3099 586 3161 potest,
605 3103 698 3167 utram
709 3097 932 3153 christianornm
944 3117 1013 3171 quo·

94 3199 148 3252 quc
165 3183 286 3237 iuisctcs
302 3182 453 3237 exorcismo
471 3184 506 3236 ad
516 3183 685 3254 baptismum
697 3207 731 3242 co
742 3197 865 3258 tempore
877 3210 1011 3262 propan-

93 3281 200 3341 reutar,
219 3291 319 3341 nocue,
337 3275 367 3327 iu
385 3275 455 3329 locis
472 3276 547 3330 euim
564 3280 638 3331 laud.
653 3280 825 3336 solummodo
835 3285 868 3336 do
881 3286 1011 3353 ctbniois,

27 3440 28 3443 Ἴ
94 3364 195 3434 iisque,
211 3367 263 3434 qni
276 3367 407 3437 ethnicis,
424 3368 551 3436 opinione
563 3367 688 3435 illorum,
702 3369 808 3439 pejores
819 3382 918 3442 essent,
935 3394 1011 3431 men-

95 3455 136 3509 tio
154 3457 194 3509 lit.
229 3458 285 3512 Nec
307 3459 462 3513 mirandum
485 3466 571 3525 esset,
600 3461 625 3514 si
643 3445 763 3516 inientes
780 3466 1010 3535 Christianorum,

92 3542 196 3617 ouibus
216 3548 274 3615 jaus
294 3568 326 3603 cx
349 3549 471 3605 naturali
489 3568 551 3605 cum
569 3552 685 3606 ecclesia
702 3556 862 3624 cognatione
879 3559 1012 3615 sanctitas

91 3641 220 3707 'quedam
236 3643 411 3706 redundaret,
429 3645 465 3696 ab
479 3642 597 3697 ethnicis
614 3650 644 3698 ct
659 3646 797 3701 hereticis
815 3648 1011 3718 distinxisscnt,

92 3730 213 3803 illosque
231 3748 286 3788 soa
302 3748 321 3789 e
336 3734 457 3790 diabolis
474 3736 599 3790 obsessos
615 3737 791 3808 cogitassent.
