2236 4184
492 262 552 325 lot

67 455 234 516 hereticos
256 458 335 535 “per
355 453 500 533 baptismi
522 459 743 521 sacramentnm
763 453 874 515 sordes
889 460 975 517 vete·

68 562 112 623 ria
140 560 274 623 hominis
303 547 447 634 abluere,
480 559 605 639 antiqua
633 559 744 619 mortis
771 563 896 637 peccata
918 560 975 620 do-

65 684 157 738 nare,
188 665 422 744 regeneratione
450 663 566 725 eaeiesti
592 662 675 724 filios
698 661 755 722 Dei
781 662 900 739 farore,
935 663 974 723 ad

56 776 212 830 arternum
233 769 326 828 vitam
350 768 447 857 divini
473 768 585 830 lavacri
612 768 856 829 sanctificatione
883 787 974 849 repa-

65 870 184 935 ιιι·ιι.”1

44 940 48 946 ¹
110 1008 116 1015 ·
149 981 217 1056 Quo
238 978 354 1040 factum
376 983 441 1052 est,
472 983 508 1037 ut
528 978 681 1037 immerito
702 977 775 1037 iiios
797 977 974 1037 inconstan-

63 1084 117 1145 tise
135 1089 331 1157 accusarent,
354 1082 437 1160 quod
457 1068 623 1143 haereticos
645 1087 774 1160 propter
790 1101 905 1143 meram
926 1081 974 1141 di-

63 1187 126 1247 viui
149 1187 281 1248 nominis
303 1187 363 1246 uim
381 1186 585 1265 spiritualiter
603 1186 727 1265 quidem
744 1186 922 1266 regenerari
941 1190 974 1247 et

27 1323 29 1330 v
63 1298 261 1372 peccatorum
282 1291 499 1352 remissionem
525 1290 592 1351 fide
616 1309 670 1350 sua
698 1295 783 1350 extro
812 1290 972 1377 eeclesiam

63 1376 213 1476 consequi
243 1415 338 1476 posse
364 1395 519 1465 dicerent,
552 1394 680 1454 eosdem
702 1414 775 1456 vero
804 1394 973 1455 seeundum

63 1501 199 1562 eandem
217 1500 349 1561 nominis
362 1499 422 1558 vim
439 1498 609 1577 eademque
627 1499 689 1559 tide
709 1501 808 1578 ipsum
823 1497 971 1576 Spiritum

63 1605 97 1667 S.
118 1605 260 1684 accipere
282 1622 375 1685 posse
395 1610 559 1681 negarent,
581 1622 673 1681 quum
693 1609 794 1663 tumen
812 1602 971 1680 Spiritum,

61 1710 116 1789 qui
137 1710 224 1770 soius
245 1714 374 1789 peccata
394 1707 554 1766 remittere
576 1706 767 1765 et‘homines
787 1724 972 1785 regenerare

59 1821 186 1893 posset,
207 1813 253 1872 ibi
275 1827 362 1885 esse,
384 1810 439 1871 nbi
461 1815 566 1870 essent
587 1809 718 1869 effectus
741 1811 820 1888 ejus,
843 1828 972 1869 neeesse

60 1917 183 1990 esret23
206 1935 275 1976 nam
286 1915 343 1991 iili,
360 1922 397 1976 ut
413 1934 506 1994 supra
518 1914 730 1975 demonstrare
742 1895 842 1973 conati
855 1930 971 1987 sumus,

97 2143 373 2216 ¹)1btu.,pag.225.
412 2145 469 2198 cn.
493 2145 572 2215 suffr,
590 2134 684 2211 Quieti
707 2169 741 2181 -
760 2143 789 2196 iu
809 2132 870 2197 Διί.
890 2145 970 2205 Cone.

59 2240 155 2294 Carth.
176 2257 240 2308 ρας.
257 2237 310 2291 235
327 2264 361 2276 -
378 2235 428 2289 ubi
455 2235 589 2288 sententis
609 2233 829 2288 adversariorum
848 2234 891 2286 his
908 2252 971 2287 ver-

59 2332 103 2385 bis
122 2332 271 2385 iudicaturs
299 2329 374 2397 “Qui
391 2330 463 2399 apud
481 2328 545 2382 illos
562 2324 748 2393 baptizantur,
767 2342 815 2393 per
832 2325 971 2379 remissio-

58 2440 123 2477 nom
141 2429 316 2490 peccatorum
330 2421 417 2480 vitem
435 2426 562 2473 eternam
579 2416 804 2485 consequuntur.”
829 2417 885 2471 Cir.
903 2436 970 2488 prar-

59 2515 203 2582 terea.Ep.
222 2512 265 2589 ii,
283 2529 368 2581 pugg.
386 2511 507 2565 ulo-lt.

95 2608 121 2672 ¹)
140 2604 240 2672 “Quod
258 2603 283 2656 si
306 2605 463 2673 secuudum·
481 2618 596 2671 pravam
613 2601 694 2671 iidem
715 2599 851 2668 baptisari
869 2600 970 2669 uliquis

58 2696 128 2750 ioris
145 2704 172 2749 et
190 2695 333 2770 remissurn
352 2700 524 2763 peccatorum
543 2692 672 2761 consequi
691 2691 797 2761 potuit,
823 2695 970 2763 secuudum

58 2789 172 2842 enodem
190 2787 272 2839 fidem
290 2785 416 2853 consequi
434 2791 462 2839 et
480 2784 617 2853 Spiritum
636 2784 663 2836 S.
683 2783 789 2851 potuit,
812 2788 840 2836 et
857 2802 911 2838 nou
929 2793 970 2840 est

56 2897 167 2934 ueoosso
190 2877 312 2943 venienti
335 2894 447 2931 manum
469 2875 590 2944 imponi,
616 2880 649 2926 ut
671 2874 855 2944 Spiritums.
877 2879 971 2929 couse-

58 2977 161 3041 quutur
172 2974 201 3022 at
213 2967 348 3038 signetur.
382 2971 438 3021 Aut
455 2972 603 3034 utrumque
617 2965 690 3021 euim
706 2956 772 3020 tides
790 2967 859 3020 foris
869 2968 971 3037 potuit,

56 3067 106 3116 aut
123 3065 253 3126 neutrum
271 3077 380 3126 eorum,
407 3060 456 3129 qui
472 3059 541 3113 foris
558 3060 664 3122 tuerat,
686 3058 816 3128 recepit?
841 3059 904 3134 (Ep.
922 3059 969 3126 Ji,

55 3170 120 3223 pag.
138 3151 213 3219 2⁰1.)
249 3151 326 3204 “Aut
349 3152 373 3205 si
395 3152 524 3205 effoetum
544 3148 680 3218 ¹baptismi
697 3149 835 3215 majestati
851 3152 971 3215 nominis

55 3245 201 3307 tribuunt,
227 3248 274 3308 ut,
303 3242 351 3311 qui
375 3241 405 3295 iu
429 3242 538 3295 nomios
554 3243 622 3297 iesu
640 3240 752 3311 christi¹
768 3242 923 3311 ubicunque
942 3250 971 3311 ot

54 3337 304 3404 quomodocunque,
317 3335 507 3403 baptizantur,
532 3332 658 3399 iuuoyati
675 3339 703 3386 et
720 3333 880 3391 sanctificati
894 3335 970 3402 juon

54 3433 167 3493 ceutnr;
193 3444 242 3480 our
265 3443 319 3480 nou
341 3426 371 3479 iu
394 3426 517 3493 ejusdem
535 3423 642 3493 christi
659 3421 770 3477 nomine
787 3424 850 3478 illio
868 3435 895 3480 et
909 3435 970 3497 pus-

54 3535 107 3572 uus
132 3518 275 3585 baptisato
303 3516 459 3586 imponitur
486 3518 520 3572 ad
549 3515 739 3583 accipientium
760 3518 895 3586 Spiritum
915 3517 970 3589 §J

54 3611 110 3663 Cur
124 3611 220 3666 eodem
237 3609 359 3676 ejusdem
378 3609 507 3675 majestas
519 3611 639 3666 nominis
656 3629 709 3666 uon
728 3611 856 3681 prevalet
873 3626 970 3674 mouns
1067 3617 1069 3621 ‘

53 3700 250 3770 impositione.
276 3717 359 3771 quam
377 3701 497 3757 relisisse
515 3705 679 3758 contendunt
696 3701 874 3773 inirsptismi
895 3718 969 3757 saue·
