<?xml version="1.0" encoding="UTF-8"?>
<!DOCTYPE html PUBLIC "-//W3C//DTD XHTML 1.0 Transitional//EN"
    "http://www.w3.org/TR/xhtml1/DTD/xhtml1-transitional.dtd">
<html xmlns="http://www.w3.org/1999/xhtml" xml:lang="en" lang="en">
 <head>
  <title>
</title>
<meta http-equiv="Content-Type" content="text/html;charset=utf-8" />
  <meta name='ocr-system' content='tesseract 3.04.00' />
  <meta name='ocr-capabilities' content='ocr_page ocr_carea ocr_par ocr_line ocrx_word'/>
</head>
<body>
  <div class='ocr_page' id='page_1' title='image "./devieteffectibu00schugoog_0111.png"; bbox 0 0 2236 4184; ppageno 0'>
   <div class='ocr_carea' id='block_1_1' title="bbox 110 444 1083 3257">
    <p class='ocr_par' dir='ltr' id='par_1_1' title="bbox 164 444 1083 737">
     <span class='ocr_line' id='line_1_1' title="bbox 165 444 1083 528; baseline 0.001 -19"><span class='ocrx_word' id='word_1_1' title='bbox 165 448 286 509; x_wconf 77' lang='lat' dir='ltr'><strong>“semel</strong></span> <span class='ocrx_word' id='word_1_2' title='bbox 314 444 591 522; x_wconf 65' lang='lat' dir='ltr'><strong>vestimento-tum</strong></span> <span class='ocrx_word' id='word_1_3' title='bbox 623 467 718 528; x_wconf 82' lang='lat' dir='ltr'><strong>quum</strong></span> <span class='ocrx_word' id='word_1_4' title='bbox 744 447 858 509; x_wconf 71' lang='lat' dir='ltr'><strong>venisti</strong></span> <span class='ocrx_word' id='word_1_5' title='bbox 884 447 924 509; x_wconf 80' lang='lat' dir='ltr'><strong>sd</strong></span> <span class='ocrx_word' id='word_1_6' title='bbox 952 447 1083 528; x_wconf 71' lang='lat' dir='ltr'><strong>graiium</strong></span> 
     </span>
     <span class='ocr_line' id='line_1_2' title="bbox 164 552 1081 633; baseline -0.001 -19"><span class='ocrx_word' id='word_1_7' title='bbox 164 554 327 633; x_wconf 72' lang='lat' dir='ltr'><strong>baptismi,</strong></span> <span class='ocrx_word' id='word_1_8' title='bbox 359 553 539 632; x_wconf 71' lang='lat' dir='ltr'><strong>purificatus</strong></span> <span class='ocrx_word' id='word_1_9' title='bbox 561 571 596 612; x_wconf 88' lang='lat' dir='ltr'><strong>es</strong></span> <span class='ocrx_word' id='word_1_10' title='bbox 616 572 764 633; x_wconf 76' lang='lat' dir='ltr'><strong>eor-pore,</strong></span> <span class='ocrx_word' id='word_1_11' title='bbox 797 552 963 617; x_wconf 73' lang='lat' dir='ltr'><strong>mundatus</strong></span> <span class='ocrx_word' id='word_1_12' title='bbox 986 572 1020 615; x_wconf 89' lang='lat' dir='ltr'><strong>es</strong></span> <span class='ocrx_word' id='word_1_13' title='bbox 1042 554 1081 614; x_wconf 82' lang='lat' dir='ltr'><strong>ob</strong></span> 
     </span>
     <span class='ocr_line' id='line_1_3' title="bbox 164 655 1080 737; baseline -0.002 -17"><span class='ocrx_word' id='word_1_14' title='bbox 164 659 250 720; x_wconf 91' lang='lat' dir='ltr'><strong>omui</strong></span> <span class='ocrx_word' id='word_1_15' title='bbox 270 659 499 737; x_wconf 73' lang='lat' dir='ltr'><strong>inquinamento</strong></span> <span class='ocrx_word' id='word_1_16' title='bbox 523 657 622 718; x_wconf 81' lang='lat' dir='ltr'><strong>cernis</strong></span> <span class='ocrx_word' id='word_1_17' title='bbox 651 663 684 718; x_wconf 84' lang='lat' dir='ltr'><strong>et</strong></span> <span class='ocrx_word' id='word_1_18' title='bbox 711 655 875 736; x_wconf 80' lang='lat' dir='ltr'><strong>spiritus&#39;‘¹</strong></span> <span class='ocrx_word' id='word_1_19' title='bbox 898 687 942 724; x_wconf 66' lang='lat'><strong>·-‚</strong></span> <span class='ocrx_word' id='word_1_20' title='bbox 963 664 997 725; x_wconf 80' lang='lat' dir='ltr'><strong>et</strong></span> <span class='ocrx_word' id='word_1_21' title='bbox 1019 659 1080 718; x_wconf 79' lang='lat' dir='ltr'><strong>siio</strong></span> 
     </span>
    </p>

    <p class='ocr_par' dir='ltr' id='par_1_2' title="bbox 110 762 1082 3257">
     <span class='ocr_line' id='line_1_4' title="bbox 165 762 1082 843; baseline -0.002 -19"><span class='ocrx_word' id='word_1_22' title='bbox 165 765 252 825; x_wconf 82' lang='lat' dir='ltr'><strong>loeo:</strong></span> <span class='ocrx_word' id='word_1_23' title='bbox 284 762 342 821; x_wconf 86' lang='lat' dir='ltr'><strong>“Si</strong></span> <span class='ocrx_word' id='word_1_24' title='bbox 364 763 543 842; x_wconf 75' lang='lat' dir='ltr'>delinquas,</span> <span class='ocrx_word' id='word_1_25' title='bbox 576 764 645 843; x_wconf 84' lang='lat' dir='ltr'><strong>ipss</strong></span> <span class='ocrx_word' id='word_1_26' title='bbox 672 762 730 822; x_wconf 81' lang='lat' dir='ltr'><strong>uui</strong></span> <span class='ocrx_word' id='word_1_27' title='bbox 758 763 931 823; x_wconf 77' lang='lat' dir='ltr'><strong>conscribis</strong></span> <span class='ocrx_word' id='word_1_28' title='bbox 959 764 1082 842; x_wconf 73' lang='lat' dir='ltr'><strong>peceati</strong></span> 
     </span>
     <span class='ocr_line' id='line_1_5' title="bbox 110 846 1081 947; baseline 0 -17"><span class='ocrx_word' id='word_1_29' title='bbox 110 846 114 856; x_wconf 42' lang='grc'><strong>”</strong></span> <span class='ocrx_word' id='word_1_30' title='bbox 163 866 416 947; x_wconf 73' lang='lat' dir='ltr'><strong>chirographum.</strong></span> <span class='ocrx_word' id='word_1_31' title='bbox 465 867 530 928; x_wconf 89' lang='lat' dir='ltr'><strong>Sed</strong></span> <span class='ocrx_word' id='word_1_32' title='bbox 551 867 639 941; x_wconf 78' lang='lat' dir='ltr'><strong>vide,</strong></span> <span class='ocrx_word' id='word_1_33' title='bbox 672 868 760 947; x_wconf 83' lang='lat' dir='ltr'><strong>quis,</strong></span> <span class='ocrx_word' id='word_1_34' title='bbox 793 888 886 947; x_wconf 90' lang='lat' dir='ltr'><strong>quum</strong></span> <span class='ocrx_word' id='word_1_35' title='bbox 907 869 1009 931; x_wconf 85' lang='lat' dir='ltr'><strong>semel</strong></span> <span class='ocrx_word' id='word_1_36' title='bbox 1031 888 1081 930; x_wconf 83' lang='lat' dir='ltr'><strong>sc-</strong></span> 
     </span>
     <span class='ocr_line' id='line_1_6' title="bbox 145 972 1080 1053; baseline -0.002 -18"><span class='ocrx_word' id='word_1_37' title='bbox 145 999 147 1004; x_wconf 94' lang='grc'><strong><em>·</em></strong></span> <span class='ocrx_word' id='word_1_38' title='bbox 165 973 286 1035; x_wconf 76' lang='lat' dir='ltr'><strong>cessisti</strong></span> <span class='ocrx_word' id='word_1_39' title='bbox 308 973 346 1032; x_wconf 83' lang='lat' dir='ltr'><strong>sd</strong></span> <span class='ocrx_word' id='word_1_40' title='bbox 369 992 492 1034; x_wconf 87' lang='lat' dir='ltr'><strong>oruoem</strong></span> <span class='ocrx_word' id='word_1_41' title='bbox 514 972 632 1033; x_wconf 82' lang='lat' dir='ltr'><strong>Christi</strong></span> <span class='ocrx_word' id='word_1_42' title='bbox 654 981 687 1033; x_wconf 85' lang='lat' dir='ltr'><strong>et</strong></span> <span class='ocrx_word' id='word_1_43' title='bbox 708 972 748 1033; x_wconf 85' lang='lat' dir='ltr'><strong>od</strong></span> <span class='ocrx_word' id='word_1_44' title='bbox 769 972 898 1052; x_wconf 80' lang='lat' dir='ltr'><strong>gretiam</strong></span> <span class='ocrx_word' id='word_1_45' title='bbox 920 973 1080 1053; x_wconf 72' lang='lat' dir='ltr'><strong>baptismi,</strong></span> 
     </span>
     <span class='ocr_line' id='line_1_7' title="bbox 162 1076 1079 1158; baseline -0.001 -19"><span class='ocrx_word' id='word_1_46' title='bbox 162 1076 403 1156; x_wconf 72' lang='lat' dir='ltr'>chirographum</span> <span class='ocrx_word' id='word_1_47' title='bbox 425 1087 511 1137; x_wconf 81' lang='lat' dir='ltr'><strong>tuum</strong></span> <span class='ocrx_word' id='word_1_48' title='bbox 532 1078 614 1138; x_wconf 82' lang='lat' dir='ltr'><strong>eruci</strong></span> <span class='ocrx_word' id='word_1_49' title='bbox 631 1077 756 1139; x_wconf 78' lang='lat' dir='ltr'><strong>sffixum</strong></span> <span class='ocrx_word' id='word_1_50' title='bbox 780 1084 812 1136; x_wconf 73' lang='lat' dir='ltr'><strong>et</strong></span> <span class='ocrx_word' id='word_1_51' title='bbox 833 1077 865 1139; x_wconf 89' lang='lat' dir='ltr'><strong>in</strong></span> <span class='ocrx_word' id='word_1_52' title='bbox 886 1077 983 1139; x_wconf 61' lang='lat' dir='ltr'><strong>ionio</strong></span> <span class='ocrx_word' id='word_1_53' title='bbox 998 1079 1079 1158; x_wconf 81' lang='lat' dir='ltr'><strong>bsp-</strong></span> 
     </span>
     <span class='ocr_line' id='line_1_8' title="bbox 162 1170 1080 1255; baseline 0.002 -12"><span class='ocrx_word' id='word_1_54' title='bbox 162 1183 249 1244; x_wconf 79' lang='lat' dir='ltr'><strong>tismi</strong></span> <span class='ocrx_word' id='word_1_55' title='bbox 278 1183 418 1243; x_wconf 82' lang='lat' dir='ltr'><strong>deletum</strong></span> <span class='ocrx_word' id='word_1_56' title='bbox 450 1179 553 1242; x_wconf 80' lang='lat' dir='ltr'><strong>est.”²</strong></span> <span class='ocrx_word' id='word_1_57' title='bbox 603 1183 746 1244; x_wconf 76' lang='lat' dir='ltr'><strong>iieciarst</strong></span> <span class='ocrx_word' id='word_1_58' title='bbox 777 1182 886 1255; x_wconf 76' lang='lat' dir='ltr'><strong>etiem,</strong></span> <span class='ocrx_word' id='word_1_59' title='bbox 919 1171 990 1246; x_wconf 73' lang='lat' dir='ltr'><strong>“dos</strong></span> <span class='ocrx_word' id='word_1_60' title='bbox 1022 1170 1080 1246; x_wconf 63' lang='grc' dir='ltr'><strong>οὐκ</strong></span> 
     </span>
     <span class='ocr_line' id='line_1_9' title="bbox 163 1273 1078 1370; baseline 0.001 -20"><span class='ocrx_word' id='word_1_61' title='bbox 163 1285 244 1359; x_wconf 57' lang='grc' dir='ltr'>ἔστιν</span> <span class='ocrx_word' id='word_1_62' title='bbox 268 1277 375 1370; x_wconf 79' lang='grc' dir='ltr'>ἄφεσιν</span> <span class='ocrx_word' id='word_1_63' title='bbox 399 1273 634 1368; x_wconf 70' lang='grc' dir='ltr'>ἁμαρτημάτων</span> <span class='ocrx_word' id='word_1_64' title='bbox 654 1283 747 1369; x_wconf 81' lang='grc' dir='ltr'><strong>χωρὶς</strong></span> <span class='ocrx_word' id='word_1_65' title='bbox 775 1283 993 1369; x_wconf 79' lang='grc' dir='ltr'>βαπτίσματος</span> <span class='ocrx_word' id='word_1_66' title='bbox 1020 1289 1078 1351; x_wconf 75' lang='grc' dir='ltr'><strong>λα-</strong></span> 
     </span>
     <span class='ocr_line' id='line_1_10' title="bbox 163 1388 1079 1472; baseline -0.002 -17"><span class='ocrx_word' id='word_1_67' title='bbox 163 1393 259 1472; x_wconf 65' lang='grc' dir='ltr'><strong>βεῖν”8</strong></span> <span class='ocrx_word' id='word_1_68' title='bbox 297 1388 425 1472; x_wconf 88' lang='lat' dir='ltr'><strong>(quibus</strong></span> <span class='ocrx_word' id='word_1_69' title='bbox 452 1398 555 1452; x_wconf 80' lang='lat' dir='ltr'><strong>tumen</strong></span> <span class='ocrx_word' id='word_1_70' title='bbox 582 1393 685 1452; x_wconf 85' lang='lat' dir='ltr'><strong>verbis</strong></span> <span class='ocrx_word' id='word_1_71' title='bbox 713 1391 908 1452; x_wconf 76' lang='lat' dir='ltr'><strong>solummodo</strong></span> <span class='ocrx_word' id='word_1_72' title='bbox 938 1393 1079 1455; x_wconf 75' lang='lat' dir='ltr'><strong>iudicare</strong></span> 
     </span>
     <span class='ocr_line' id='line_1_11' title="bbox 159 1495 1077 1575; baseline 0 -17"><span class='ocrx_word' id='word_1_73' title='bbox 159 1498 274 1570; x_wconf 81' lang='lat' dir='ltr'><strong>voluit,</strong></span> <span class='ocrx_word' id='word_1_74' title='bbox 315 1496 511 1575; x_wconf 77' lang='lat' dir='ltr'><strong>baptismum</strong></span> <span class='ocrx_word' id='word_1_75' title='bbox 539 1495 733 1558; x_wconf 77' lang='lat' dir='ltr'><strong>ordinariam</strong></span> <span class='ocrx_word' id='word_1_76' title='bbox 770 1515 841 1557; x_wconf 82' lang='lat' dir='ltr'><strong>esse</strong></span> <span class='ocrx_word' id='word_1_77' title='bbox 879 1497 1077 1558; x_wconf 73' lang='lat' dir='ltr'><strong>remissionis</strong></span> 
     </span>
     <span class='ocr_line' id='line_1_12' title="bbox 160 1602 1077 1682; baseline 0.002 -20"><span class='ocrx_word' id='word_1_78' title='bbox 160 1604 257 1675; x_wconf 81' lang='lat' dir='ltr'><strong>virm,</strong></span> <span class='ocrx_word' id='word_1_79' title='bbox 279 1619 342 1662; x_wconf 86' lang='lat' dir='ltr'><strong>uon</strong></span> <span class='ocrx_word' id='word_1_80' title='bbox 362 1606 466 1661; x_wconf 79' lang='lat' dir='ltr'><strong>sutem</strong></span> <span class='ocrx_word' id='word_1_81' title='bbox 488 1602 624 1678; x_wconf 71' lang='lat' dir='ltr'><strong>unicum,</strong></span> <span class='ocrx_word' id='word_1_82' title='bbox 652 1603 686 1662; x_wconf 91' lang='lat' dir='ltr'><strong>id</strong></span> <span class='ocrx_word' id='word_1_83' title='bbox 707 1603 792 1682; x_wconf 84' lang='lat' dir='ltr'><strong>quod</strong></span> <span class='ocrx_word' id='word_1_84' title='bbox 814 1621 852 1663; x_wconf 84' lang='lat' dir='ltr'><strong>ex</strong></span> <span class='ocrx_word' id='word_1_85' title='bbox 873 1621 911 1662; x_wconf 86' lang='lat' dir='ltr'><strong>eo</strong></span> <span class='ocrx_word' id='word_1_86' title='bbox 934 1609 1077 1681; x_wconf 71' lang='lat' dir='ltr'><strong>apparet,</strong></span> 
     </span>
     <span class='ocr_line' id='line_1_13' title="bbox 160 1706 1075 1788; baseline 0 -21"><span class='ocrx_word' id='word_1_87' title='bbox 160 1707 262 1788; x_wconf 85' lang='lat' dir='ltr'><strong>quod,</strong></span> <span class='ocrx_word' id='word_1_88' title='bbox 283 1713 319 1767; x_wconf 87' lang='lat' dir='ltr'><strong>ut</strong></span> <span class='ocrx_word' id='word_1_89' title='bbox 339 1725 434 1785; x_wconf 82' lang='lat' dir='ltr'><strong>supra</strong></span> <span class='ocrx_word' id='word_1_90' title='bbox 452 1706 603 1782; x_wconf 72' lang='lat' dir='ltr'><strong>vidimus,</strong></span> <span class='ocrx_word' id='word_1_91' title='bbox 626 1707 777 1788; x_wconf 78' lang='lat' dir='ltr'><strong>Spiritum</strong></span> <span class='ocrx_word' id='word_1_92' title='bbox 800 1706 832 1766; x_wconf 92' lang='lat' dir='ltr'><strong>S.</strong></span> <span class='ocrx_word' id='word_1_93' title='bbox 853 1706 1015 1774; x_wconf 83' lang='lat' dir='ltr'><strong>interdum</strong></span> <span class='ocrx_word' id='word_1_94' title='bbox 1035 1708 1075 1768; x_wconf 85' lang='lat' dir='ltr'><strong>iis</strong></span> 
     </span>
     <span class='ocr_line' id='line_1_14' title="bbox 159 1811 1075 1892; baseline 0.002 -21"><span class='ocrx_word' id='word_1_95' title='bbox 159 1830 298 1892; x_wconf 82' lang='lat' dir='ltr'><strong>quoque,</strong></span> <span class='ocrx_word' id='word_1_96' title='bbox 331 1812 383 1890; x_wconf 85' lang='lat' dir='ltr'><strong>qui</strong></span> <span class='ocrx_word' id='word_1_97' title='bbox 404 1811 591 1890; x_wconf 74' lang='lat' dir='ltr'><strong>baptismum</strong></span> <span class='ocrx_word' id='word_1_98' title='bbox 618 1833 680 1873; x_wconf 86' lang='lat' dir='ltr'><strong>non</strong></span> <span class='ocrx_word' id='word_1_99' title='bbox 702 1813 897 1890; x_wconf 76' lang='lat' dir='ltr'><strong>roceperint,</strong></span> <span class='ocrx_word' id='word_1_100' title='bbox 929 1831 965 1872; x_wconf 86' lang='lat' dir='ltr'><strong>se</strong></span> <span class='ocrx_word' id='word_1_101' title='bbox 988 1832 1075 1873; x_wconf 90' lang='lat' dir='ltr'><strong>eom-</strong></span> 
     </span>
     <span class='ocr_line' id='line_1_15' title="bbox 158 1912 1074 1996; baseline 0.002 -20"><span class='ocrx_word' id='word_1_102' title='bbox 158 1916 316 1976; x_wconf 78' lang='lat' dir='ltr'><strong>muuiours</strong></span> <span class='ocrx_word' id='word_1_103' title='bbox 339 1912 465 1995; x_wconf 78' lang='lat' dir='ltr'><strong>docet);</strong></span> <span class='ocrx_word' id='word_1_104' title='bbox 506 1916 580 1991; x_wconf 82' lang='lat' dir='ltr'><strong>sed,</strong></span> <span class='ocrx_word' id='word_1_105' title='bbox 612 1922 646 1975; x_wconf 86' lang='lat' dir='ltr'><strong>ut</strong></span> <span class='ocrx_word' id='word_1_106' title='bbox 668 1917 734 1996; x_wconf 80' lang='lat' dir='ltr'><strong>jam</strong></span> <span class='ocrx_word' id='word_1_107' title='bbox 757 1915 907 1988; x_wconf 77' lang='lat' dir='ltr'><strong>diximus,</strong></span> <span class='ocrx_word' id='word_1_108' title='bbox 940 1915 1074 1983; x_wconf 89' lang='lat' dir='ltr'><strong>desolo</strong></span> 
     </span>
     <span class='ocr_line' id='line_1_16' title="bbox 157 2020 1073 2102; baseline 0.002 -21"><span class='ocrx_word' id='word_1_109' title='bbox 157 2020 301 2102; x_wconf 78' lang='lat' dir='ltr'><strong>perfecto</strong></span> <span class='ocrx_word' id='word_1_110' title='bbox 323 2020 479 2098; x_wconf 77' lang='lat' dir='ltr'><strong>baptismo</strong></span> <span class='ocrx_word' id='word_1_111' title='bbox 500 2021 562 2082; x_wconf 86' lang='lat' dir='ltr'><strong>hoo</strong></span> <span class='ocrx_word' id='word_1_112' title='bbox 583 2021 696 2094; x_wconf 84' lang='lat' dir='ltr'><strong>edicit,</strong></span> <span class='ocrx_word' id='word_1_113' title='bbox 729 2027 761 2081; x_wconf 86' lang='lat' dir='ltr'><strong>et</strong></span> <span class='ocrx_word' id='word_1_114' title='bbox 788 2021 819 2080; x_wconf 85' lang='lat' dir='ltr'><strong>in</strong></span> <span class='ocrx_word' id='word_1_115' title='bbox 846 2021 914 2099; x_wconf 84' lang='lat' dir='ltr'><strong>ipso</strong></span> <span class='ocrx_word' id='word_1_116' title='bbox 935 2021 1073 2083; x_wconf 83' lang='lat' dir='ltr'><strong>hominis</strong></span> 
     </span>
     <span class='ocr_line' id='line_1_17' title="bbox 157 2124 1073 2206; baseline 0.001 -19"><span class='ocrx_word' id='word_1_117' title='bbox 157 2124 337 2206; x_wconf 75' lang='lat' dir='ltr'><strong>baptizandi</strong></span> <span class='ocrx_word' id='word_1_118' title='bbox 363 2127 556 2204; x_wconf 80' lang='lat' dir='ltr'><strong>poenitentis</strong></span> <span class='ocrx_word' id='word_1_119' title='bbox 588 2134 621 2186; x_wconf 79' lang='lat' dir='ltr'><strong>et</strong></span> <span class='ocrx_word' id='word_1_120' title='bbox 649 2126 852 2186; x_wconf 84' lang='lat' dir='ltr'><strong>conversione</strong></span> <span class='ocrx_word' id='word_1_121' title='bbox 882 2124 964 2186; x_wconf 82' lang='lat' dir='ltr'><strong>huno</strong></span> <span class='ocrx_word' id='word_1_122' title='bbox 997 2147 1073 2206; x_wconf 83' lang='lat' dir='ltr'><strong>pur·</strong></span> 
     </span>
     <span class='ocr_line' id='line_1_18' title="bbox 157 2229 1074 2314; baseline -0.001 -22"><span class='ocrx_word' id='word_1_123' title='bbox 157 2232 250 2313; x_wconf 69' lang='lat' dir='ltr'><strong>gandi</strong></span> <span class='ocrx_word' id='word_1_124' title='bbox 277 2239 310 2290; x_wconf 84' lang='lat' dir='ltr'><strong>et</strong></span> <span class='ocrx_word' id='word_1_125' title='bbox 337 2230 531 2292; x_wconf 79' lang='lat' dir='ltr'><strong>condonandi</strong></span> <span class='ocrx_word' id='word_1_126' title='bbox 557 2229 618 2288; x_wconf 84' lang='lat' dir='ltr'><strong>vim</strong></span> <span class='ocrx_word' id='word_1_127' title='bbox 648 2230 779 2309; x_wconf 78' lang='lat' dir='ltr'><strong>positum</strong></span> <span class='ocrx_word' id='word_1_128' title='bbox 808 2237 932 2304; x_wconf 80' lang='lat' dir='ltr'><strong>censet3</strong></span> <span class='ocrx_word' id='word_1_129' title='bbox 964 2251 1074 2314; x_wconf 78' lang='lat' dir='ltr'><strong>quom-</strong></span> 
     </span>
     <span class='ocr_line' id='line_1_19' title="bbox 157 2326 1072 2413; baseline 0 -15"><span class='ocrx_word' id='word_1_130' title='bbox 157 2338 265 2399; x_wconf 86' lang='lat' dir='ltr'><strong>obrem</strong></span> <span class='ocrx_word' id='word_1_131' title='bbox 297 2353 417 2395; x_wconf 86' lang='lat' dir='ltr'><strong>summo</strong></span> <span class='ocrx_word' id='word_1_132' title='bbox 450 2354 519 2394; x_wconf 87' lang='lat' dir='ltr'><strong>oum</strong></span> <span class='ocrx_word' id='word_1_133' title='bbox 548 2333 653 2393; x_wconf 87' lang='lat' dir='ltr'><strong>studio</strong></span> <span class='ocrx_word' id='word_1_134' title='bbox 684 2326 924 2396; x_wconf 73' lang='lat' dir='ltr'><strong>catechumenos</strong></span> <span class='ocrx_word' id='word_1_135' title='bbox 953 2345 1072 2413; x_wconf 89' lang='lat' dir='ltr'><strong>mouet,</strong></span> 
     </span>
     <span class='ocr_line' id='line_1_20' title="bbox 156 2438 1071 2520; baseline -0.001 -16"><span class='ocrx_word' id='word_1_136' title='bbox 156 2461 196 2504; x_wconf 89' lang='lat' dir='ltr'><strong>ue</strong></span> <span class='ocrx_word' id='word_1_137' title='bbox 223 2441 308 2520; x_wconf 85' lang='lat' dir='ltr'><strong>prius</strong></span> <span class='ocrx_word' id='word_1_138' title='bbox 336 2438 523 2517; x_wconf 77' lang='lat' dir='ltr'><strong>baptismum</strong></span> <span class='ocrx_word' id='word_1_139' title='bbox 552 2438 721 2516; x_wconf 79' lang='lat' dir='ltr'><strong>occipiunt,</strong></span> <span class='ocrx_word' id='word_1_140' title='bbox 754 2458 845 2518; x_wconf 83' lang='lat' dir='ltr'><strong>quom</strong></span> <span class='ocrx_word' id='word_1_141' title='bbox 866 2444 939 2500; x_wconf 69' lang='lat' dir='ltr'><strong>verri</strong></span> <span class='ocrx_word' id='word_1_142' title='bbox 958 2442 1071 2520; x_wconf 85' lang='lat' dir='ltr'><strong>poeui-</strong></span> 
     </span>
     <span class='ocr_line' id='line_1_21' title="bbox 154 2526 1070 2608; baseline 0 -1"><span class='ocrx_word' id='word_1_143' title='bbox 154 2545 252 2607; x_wconf 79' lang='lat' dir='ltr'><strong>tentid</strong></span> <span class='ocrx_word' id='word_1_144' title='bbox 283 2542 324 2604; x_wconf 85' lang='lat' dir='ltr'><strong>se&#39;</strong></span> <span class='ocrx_word' id='word_1_145' title='bbox 351 2526 517 2602; x_wconf 84' lang='lat' dir='ltr'><strong>conversos</strong></span> <span class='ocrx_word' id='word_1_146' title='bbox 551 2544 697 2604; x_wconf 82' lang='lat' dir='ltr'><strong>sentiant.</strong></span> <span class='ocrx_word' id='word_1_147' title='bbox 750 2544 887 2606; x_wconf 86' lang='lat' dir='ltr'><strong>“Venite</strong></span> <span class='ocrx_word' id='word_1_148' title='bbox 924 2547 1070 2608; x_wconf 79' lang='lat' dir='ltr'><strong>catechu-</strong></span> 
     </span>
     <span class='ocr_line' id='line_1_22' title="bbox 153 2644 1069 2734; baseline 0.001 -23"><span class='ocrx_word' id='word_1_149' title='bbox 153 2644 272 2720; x_wconf 86' lang='lat' dir='ltr'><strong>meni,”</strong></span> <span class='ocrx_word' id='word_1_150' title='bbox 306 2647 422 2726; x_wconf 84' lang='lat' dir='ltr'><strong>inquit,</strong></span> <span class='ocrx_word' id='word_1_151' title='bbox 455 2651 559 2734; x_wconf 79' lang='lat' dir='ltr'><strong>“agite</strong></span> <span class='ocrx_word' id='word_1_152' title='bbox 582 2651 822 2728; x_wconf 79' lang='lat' dir='ltr'><strong>poenitentiam,</strong></span> <span class='ocrx_word' id='word_1_153' title='bbox 851 2657 885 2711; x_wconf 88' lang='lat' dir='ltr'><strong>ut</strong></span> <span class='ocrx_word' id='word_1_154' title='bbox 907 2653 1069 2713; x_wconf 85' lang='lat' dir='ltr'><strong>inremis-</strong></span> 
     </span>
     <span class='ocr_line' id='line_1_23' title="bbox 154 2754 1066 2835; baseline -0.001 -17"><span class='ocrx_word' id='word_1_155' title='bbox 154 2757 273 2818; x_wconf 84' lang='lat' dir='ltr'><strong>sionem</strong></span> <span class='ocrx_word' id='word_1_156' title='bbox 296 2756 493 2832; x_wconf 77' lang='lat' dir='ltr'><strong>peccatorum</strong></span> <span class='ocrx_word' id='word_1_157' title='bbox 510 2754 663 2834; x_wconf 78' lang='lat' dir='ltr'><strong>baptisma</strong></span> <span class='ocrx_word' id='word_1_158' title='bbox 678 2755 920 2835; x_wconf 81' lang='lat' dir='ltr'><strong>consequemini.</strong></span> <span class='ocrx_word' id='word_1_159' title='bbox 962 2755 998 2817; x_wconf 89' lang='lat' dir='ltr'><strong>Iu</strong></span> <span class='ocrx_word' id='word_1_160' title='bbox 1019 2776 1066 2817; x_wconf 85' lang='lat' dir='ltr'><strong>re·</strong></span> 
     </span>
     <span class='ocr_line' id='line_1_24' title="bbox 147 2859 1067 2941; baseline 0 -20"><span class='ocrx_word' id='word_1_161' title='bbox 147 2859 335 2922; x_wconf 83' lang='lat' dir='ltr'><strong>missionem</strong></span> <span class='ocrx_word' id='word_1_162' title='bbox 361 2866 561 2937; x_wconf 73' lang='lat' dir='ltr'><strong>peecatorum</strong></span> <span class='ocrx_word' id='word_1_163' title='bbox 588 2860 643 2920; x_wconf 86' lang='lat' dir='ltr'><strong>iiie</strong></span> <span class='ocrx_word' id='word_1_164' title='bbox 672 2860 785 2941; x_wconf 81' lang='lat' dir='ltr'><strong>scripit</strong></span> <span class='ocrx_word' id='word_1_165' title='bbox 811 2861 982 2940; x_wconf 76' lang='lat' dir='ltr'><strong>baptismo,</strong></span> <span class='ocrx_word' id='word_1_166' title='bbox 1014 2862 1067 2941; x_wconf 89' lang='lat' dir='ltr'><strong>qui</strong></span> 
     </span>
     <span class='ocr_line' id='line_1_25' title="bbox 152 2963 1066 3045; baseline 0.004 -21"><span class='ocrx_word' id='word_1_167' title='bbox 152 2982 285 3044; x_wconf 74' lang='lat' dir='ltr'><strong>peceare</strong></span> <span class='ocrx_word' id='word_1_168' title='bbox 306 2963 442 3023; x_wconf 75' lang='lat' dir='ltr'><strong>desistit.</strong></span> <span class='ocrx_word' id='word_1_169' title='bbox 492 2964 617 3044; x_wconf 84' lang='lat' dir='ltr'><strong>Siquis</strong></span> <span class='ocrx_word' id='word_1_170' title='bbox 647 2966 727 3026; x_wconf 86' lang='lat' dir='ltr'><strong>euim</strong></span> <span class='ocrx_word' id='word_1_171' title='bbox 758 2986 888 3045; x_wconf 82' lang='lat' dir='ltr'><strong>peccans</strong></span> <span class='ocrx_word' id='word_1_172' title='bbox 916 2967 955 3027; x_wconf 82' lang='lat' dir='ltr'><strong>sd</strong></span> <span class='ocrx_word' id='word_1_173' title='bbox 985 2968 1066 3028; x_wconf 82' lang='lat' dir='ltr'><strong>lrvs-</strong></span> 
     </span>
     <span class='ocr_line' id='line_1_26' title="bbox 153 3068 1065 3152; baseline 0.005 -24"><span class='ocrx_word' id='word_1_174' title='bbox 153 3087 240 3128; x_wconf 82' lang='lat' dir='ltr'><strong>orum</strong></span> <span class='ocrx_word' id='word_1_175' title='bbox 255 3068 350 3142; x_wconf 80' lang='lat' dir='ltr'><strong>venit,</strong></span> <span class='ocrx_word' id='word_1_176' title='bbox 372 3068 403 3126; x_wconf 84' lang='lat' dir='ltr'><strong>ei</strong></span> <span class='ocrx_word' id='word_1_177' title='bbox 417 3087 476 3128; x_wconf 90' lang='lat' dir='ltr'><strong>uon</strong></span> <span class='ocrx_word' id='word_1_178' title='bbox 493 3069 531 3128; x_wconf 82' lang='lat' dir='ltr'><strong>fit</strong></span> <span class='ocrx_word' id='word_1_179' title='bbox 547 3070 693 3129; x_wconf 85' lang='lat' dir='ltr'><strong>remissio</strong></span> <span class='ocrx_word' id='word_1_180' title='bbox 713 3077 922 3149; x_wconf 70' lang='lat' dir='ltr'><strong>peccatorum.</strong></span> <span class='ocrx_word' id='word_1_181' title='bbox 964 3070 1065 3152; x_wconf 82' lang='lat' dir='ltr'><strong>Prop-</strong></span> 
     </span>
     <span class='ocr_line' id='line_1_27' title="bbox 142 3175 1065 3257; baseline 0.002 -23"><span class='ocrx_word' id='word_1_182' title='bbox 142 3179 240 3234; x_wconf 79' lang='lat' dir='ltr'><strong>,tereo</strong></span> <span class='ocrx_word' id='word_1_183' title='bbox 262 3175 396 3232; x_wconf 84' lang='lat' dir='ltr'><strong>obsecro</strong></span> <span class='ocrx_word' id='word_1_184' title='bbox 420 3194 492 3249; x_wconf 87' lang='lat' dir='ltr'><strong>vos,</strong></span> <span class='ocrx_word' id='word_1_185' title='bbox 525 3193 564 3235; x_wconf 88' lang='lat' dir='ltr'><strong>ue</strong></span> <span class='ocrx_word' id='word_1_186' title='bbox 587 3176 703 3255; x_wconf 81' lang='lat' dir='ltr'><strong>ubsque</strong></span> <span class='ocrx_word' id='word_1_187' title='bbox 726 3176 847 3237; x_wconf 81' lang='lat' dir='ltr'><strong>oruteiu</strong></span> <span class='ocrx_word' id='word_1_188' title='bbox 868 3182 901 3236; x_wconf 80' lang='lat' dir='ltr'><strong>et</strong></span> <span class='ocrx_word' id='word_1_189' title='bbox 923 3175 1065 3257; x_wconf 80' lang='lat' dir='ltr'><strong>diligenti</strong></span> 
     </span>
    </p>
   </div>
   <div class='ocr_carea' id='block_1_2' title="bbox 149 3429 1060 3777">
    <p class='ocr_par' dir='ltr' id='par_1_3' title="bbox 185 3429 671 3502">
     <span class='ocr_line' id='line_1_28' title="bbox 185 3429 671 3502; baseline 0.006 -20"><span class='ocrx_word' id='word_1_190' title='bbox 185 3431 211 3495; x_wconf 87' lang='lat'><strong>¹)</strong></span> <span class='ocrx_word' id='word_1_191' title='bbox 228 3432 260 3482; x_wconf 87' lang='lat' dir='ltr'><strong>ln</strong></span> <span class='ocrx_word' id='word_1_192' title='bbox 277 3429 363 3484; x_wconf 82' lang='lat' dir='ltr'><strong>Erod.</strong></span> <span class='ocrx_word' id='word_1_193' title='bbox 381 3431 456 3484; x_wconf 90' lang='lat' dir='ltr'><strong>hom.</strong></span> <span class='ocrx_word' id='word_1_194' title='bbox 474 3432 517 3497; x_wconf 83' lang='lat'><strong>11,</strong></span> <span class='ocrx_word' id='word_1_195' title='bbox 535 3449 600 3502; x_wconf 67' lang='grc' dir='ltr'><strong>ρας.</strong></span> <span class='ocrx_word' id='word_1_196' title='bbox 610 3430 671 3485; x_wconf 78' lang='lat'><strong>172.</strong></span> 
     </span>
    </p>

    <p class='ocr_par' dir='ltr' id='par_1_4' title="bbox 149 3523 1060 3685">
     <span class='ocr_line' id='line_1_29' title="bbox 184 3523 1060 3594; baseline 0.01 -21"><span class='ocrx_word' id='word_1_197' title='bbox 184 3525 211 3589; x_wconf 59' lang='grc' dir='ltr'><strong>ὓ)</strong></span> <span class='ocrx_word' id='word_1_198' title='bbox 228 3523 260 3574; x_wconf 86' lang='lat' dir='ltr'><strong>iu</strong></span> <span class='ocrx_word' id='word_1_199' title='bbox 278 3523 374 3576; x_wconf 83' lang='lat' dir='ltr'><strong>Genes.</strong></span> <span class='ocrx_word' id='word_1_200' title='bbox 392 3525 467 3577; x_wconf 87' lang='lat' dir='ltr'><strong>hom.</strong></span> <span class='ocrx_word' id='word_1_201' title='bbox 487 3525 529 3590; x_wconf 74' lang='lat'><strong>13,</strong></span> <span class='ocrx_word' id='word_1_202' title='bbox 548 3542 612 3594; x_wconf 77' lang='lat' dir='ltr'><strong>pag.</strong></span> <span class='ocrx_word' id='word_1_203' title='bbox 630 3523 674 3577; x_wconf 81' lang='grc'><strong>97.</strong></span> <span class='ocrx_word' id='word_1_204' title='bbox 699 3524 748 3575; x_wconf 81' lang='lat' dir='ltr'><strong>cir·</strong></span> <span class='ocrx_word' id='word_1_205' title='bbox 769 3523 796 3575; x_wconf 86' lang='lat' dir='ltr'><strong>in</strong></span> <span class='ocrx_word' id='word_1_206' title='bbox 815 3525 894 3580; x_wconf 78' lang='lat' dir='ltr'><strong>cant.</strong></span> <span class='ocrx_word' id='word_1_207' title='bbox 913 3527 993 3580; x_wconf 74' lang='lat' dir='ltr'><strong>Ceut.</strong></span> <span class='ocrx_word' id='word_1_208' title='bbox 1012 3526 1060 3582; x_wconf 80' lang='lat' dir='ltr'><strong>lis.</strong></span> 
     </span>
     <span class='ocr_line' id='line_1_30' title="bbox 149 3615 318 3685; baseline -0.006 -16"><span class='ocrx_word' id='word_1_209' title='bbox 149 3617 175 3683; x_wconf 78' lang='lat'><strong>4,</strong></span> <span class='ocrx_word' id='word_1_210' title='bbox 193 3631 257 3685; x_wconf 76' lang='lat' dir='ltr'><strong>pag.</strong></span> <span class='ocrx_word' id='word_1_211' title='bbox 274 3615 318 3669; x_wconf 82' lang='grc'><strong>88.</strong></span> 
     </span>
    </p>

    <p class='ocr_par' dir='ltr' id='par_1_5' title="bbox 184 3707 726 3777">
     <span class='ocr_line' id='line_1_31' title="bbox 184 3707 726 3777; baseline -0.002 -16"><span class='ocrx_word' id='word_1_212' title='bbox 184 3712 210 3776; x_wconf 82' lang='lat'><strong>⁸)</strong></span> <span class='ocrx_word' id='word_1_213' title='bbox 227 3710 341 3763; x_wconf 80' lang='lat' dir='ltr'><strong>Exhort.</strong></span> <span class='ocrx_word' id='word_1_214' title='bbox 361 3710 396 3762; x_wconf 75' lang='lat' dir='ltr'><strong>ml</strong></span> <span class='ocrx_word' id='word_1_215' title='bbox 414 3708 588 3777; x_wconf 67' lang='lat' dir='ltr'><strong>martyrium,</strong></span> <span class='ocrx_word' id='word_1_216' title='bbox 607 3725 667 3775; x_wconf 82' lang='lat' dir='ltr'><strong>unp.</strong></span> <span class='ocrx_word' id='word_1_217' title='bbox 684 3707 726 3761; x_wconf 80' lang='lat'><strong>30.</strong></span> 
     </span>
    </p>
   </div>
   <div class='ocr_carea' id='block_1_3' title="bbox 317 3880 474 3903">
    <p class='ocr_par' dir='ltr' id='par_1_6' title="bbox 317 3880 474 3903">
     <span class='ocr_line' id='line_1_32' title="bbox 317 3880 474 3903; baseline 0 0"><span class='ocrx_word' id='word_1_218' title='bbox 317 3880 474 3903; x_wconf 59' lang='lat' dir='ltr'><strong>m..</strong></span> 
     </span>
    </p>
   </div>
   <div class='ocr_carea' id='block_1_4' title="bbox 0 0 1122 4184">
    <p class='ocr_par' dir='ltr' id='par_1_7' title="bbox 0 0 1122 4184">
     <span class='ocr_line' id='line_1_33' title="bbox 0 0 1122 4184; baseline 0 4"><span class='ocrx_word' id='word_1_219' title='bbox 0 0 1122 4184; x_wconf 95' lang='lat' dir='ltr'><strong> </strong></span> 
     </span>
    </p>
   </div>
  </div>
 </body>
</html>
