2236 4184
493 287 553 348 lati

71 475 130 556 rigi
152 493 245 557 posse
267 475 414 538 ‹llxlssett
435 477 514 552 imo,
536 482 571 537 nt
588 454 741 555 baptisma
760 484 859 540 ratum
880 479 977 541 habe-

70 588 173 655 retur,
206 581 302 641 solam
329 582 513 660 objectivam
539 582 681 644 formulae
705 587 738 641 et
760 583 891 643 aetionis
917 585 979 644 vim

70 686 197 746 minime
214 686 374 761 suilleere,
396 687 598 767 quodeunque
616 695 717 746 autem
740 688 901 766 baptisma,
923 709 975 748 ex-

70 797 117 851 tra
131 791 295 852 ecelesiam
309 788 499 867 conoessum,
525 793 615 872 plane
632 793 752 853 irritum
767 793 978 854 aestimamlom

71 915 141 957 esse
162 896 378 958 intellexisset.

73 1141 315 1231 Ceterorum
332 1140 978 1262 CyprianiAdoersariomimDe

88 1278 362 1393 Baptisnmte
376 1281 689 1366 Haereticmnm
706 1280 956 1387 Smatmtioe,

128 1413 234 1502 cnm
259 1414 408 1530 Ipsius
435 1415 629 1531 &usqne
648 1414 945 1501 Assaclarum-

127 1579 128 1582 ‘
154 1534 157 1539 ’
217 1545 218 1548 Ὺ
244 1548 478 1679 Sententiis
500 1548 800 1664 Comparatoe.¹-

150 1702 252 1791 Unum
270 1733 336 1812 jam
359 1730 505 1811 Cypriani
527 1729 770 1791 adversariorum
791 1732 978 1809 baptismum

67 1836 284 1935 haeretieorum
304 1841 451 1914 'propter
481 1836 666 1917 objectivam
700 1834 882 1896 initiationis
914 1837 976 1897 vim

66 1946 176 1999 ratum
194 1939 318 2019 quidem
339 1939 502 2013 habuisse,
524 1939 616 1999 simnl
634 1957 726 2012 vero,
748 1940 861 2018 qnippe
883 1960 976 2018 quum

66 2062 141 2103 vera
166 2043 229 2102 lirle
254 2045 507 2104 catechumenum
528 2043 708 2104 haereticum
731 2045 904 2105 necessario
927 2065 976 2106 ea·
1073 2130 1075 2136 y

67 2166 141 2208 rere
162 2154 300 2227 putaret,
330 2148 544 2228 imperfectum
560 2149 736 2230 judicasse,
763 2147 910 2223 vidimos3
942 2149 976 2210 nt

67 2251 168 2331 qood,
189 2259 224 2312 nt
245 2260 421 2314 ceterorum
444 2252 536 2318 effata
557 2259 642 2313 reete
663 2252 865 2327 aestimemus,
892 2273 976 2315 sem-

67 2375 125 2436 per
146 2357 314 2417 tenendum
336 2363 400 2431 est3
420 2357 529 2417 horum
544 2357 625 2417 enirn
640 2355 804 2418 effatorum
818 2359 977 2438 complura

67 2442 198 2520 eandem
221 2461 453 2523 distinctionem
475 2462 673 2536 adumbrant,
703 2460 775 2521 dum
805 2462 863 2523 alia
895 2464 976 2524 indi·
1067 2453 1072 2457 ⁴

68 2585 141 2625 aare
162 2565 323 2640 videntur,
345 2565 534 2644 Stephanum
558 2567 687 2648 ejusque
709 2568 843 2628 asseclas
853 2570 976 2647 perfee-

67 2663 142 2731 tum*
161 2671 252 2731 etiam
275 2670 393 2733 huncce
414 2672 598 2750 baptismum
621 2670 778 2731 habuisse.
825 2670 901 2732 Veri
922 2692 976 2732 ao-

66 2782 131 2835 tem
154 2775 342 2835 simillimum
359 2781 419 2849 est,
440 2773 625 2854 cyprianum
643 2775 773 2853 ejusque
794 2784 975 2852 sectatore,
1057 2767 1059 2773 ¹

67 2879 120 2959 qui
142 2879 288 2959 optimam
312 2880 392 2940 hano
420 2879 552 2959 perfecti
580 2880 725 2958 baptismi
747 2881 975 2943 distinctionem

68 3003 86 3044 a
107 2991 174 3044 rato
197 2984 350 3064 baptismo
371 2984 431 3062 ipsi
452 2982 534 3044 hand
555 2983 775 3064 intelligerent,
798 2986 889 3046 effata
903 2987 976 3045 illo-

65 3107 135 3148 rum
159 3088 314 3174 interilum
341 3088 421 3148 male
447 3088 656 3163 intellexisse,
688 3096 735 3162 et,
768 3108 835 3167 qnae
861 3089 907 3149 illi
935 3088 975 3150 de

67 3191 265 3272 hypothetico
287 3178 432 3272 baptismi
453 3190 640 3253 anctoritate
662 3192 819 3268 dicerent,
846 3193 886 3252 sle
903 3213 977 3273 per-

58 3297 169 3373 feeto,
204 3317 293 3375 qoam
322 3297 419 3376 solam
444 3297 511 3379 ipsi
543 3303 760 3377 agnoscerent,
793 3297 986 3378 explicasse.⁸

67 3400 158 3462 Prius
180 3421 253 3481 ergo
276 3421 312 3462 ea
334 3402 443 3474 effata,
466 3423 533 3481 quae
554 3403 624 3490 plus
641 3405 779 3464 minusve
798 3401 976 3483 incorrupta

67 3506 158 3578 nobis
178 3514 332 3567 reservata
348 3506 509 3582 videntur,
531 3506 646 3566 deinde
667 3507 790 3595 eorum',
812 3526 880 3586 quaa
901 3526 975 3566 eon-

57 3769 59 3773 ,
101 3725 129 3789 ¹)
147 3721 214 3775 Looi
232 3723 305 3776 lano.
324 3741 356 3775 ex
375 3740 435 3790 epp.
454 3721 585 3791 Cypriani
605 3723 725 3790 excerpti
743 3727 814 3775 sunt.
