2236 4184
521 295 580 355 158

180 486 305 550 Summo
327 504 422 567 opere
444 487 539 568 igitur
564 491 671 549 auctor
698 494 804 569 noster
830 485 1004 547 laudandus

99 596 164 666 est,
202 591 285 671 quod
311 593 409 670 ipsam
431 590 620 671 spiritualem
642 593 908 672 regenerationem
937 592 1007 652 sine

98 704 226 758 externo
249 703 438 755 sacramento
466 697 551 758 effici
578 717 672 777 posse
700 698 875 766 intellexit3-
902 695 1006 755 notio·

99 820 168 863 uem
189 801 323 880 perlecti
351 801 497 880 baptismi
524 821 541 861 a
568 803 695 862 notione
718 801 865 881 baptismi
886 801 1005 860 solum-

98 905 191 967 modo
212 906 270 965 rati
293 905 447 978 distluxlt;
477 907 702 986 perfectionem
722 907 868 986 baptismi
891 924 952 966 nou
973 904 1007 964 in

23 1082 25 1091 Ι
99 1011 234 1072 externis
255 1011 364 1086 reboo,
396 1013 453 1071 sed
479 1014 510 1072 iu
532 1013 599 1093 ipsa
622 1011 756 1091 Spiritus
778 1011 810 1070 S.
832 1009 1006 1070 communi-

102 1116 238 1188 catione,
270 1134 343 1176 vera
368 1117 545 1196 baptizandi
572 1107 762 1197 poenitentia
790 1119 823 1174 et
849 1114 914 1173 lide
936 1112 1008 1172 elli-

99 1220 225 1294 oleuda,
252 1240 320 1281 essc
343 1222 618 1300 positam'statuit3
651 1221 864 1280 auctoritatem
888 1216 1016 1296 baptis·

99 1326 190 1386 matis
219 1345 278 1386 nec
313 1326 345 1384 in
378 1327 549 1405 subjectiva
578 1325 780 1404 baptizatoris
815 1322 1007 1394 conditione,

100 1431 211 1492 necin
237 1435 379 1491 accumta
406 1429 549 1489 formulae
573 1429 768 1507 baptismatis
789 1427 1007 1488 enuntiatione

100 1536 231 1615 positam
263 1532 397 1612 putavit3
433 1534 490 1593 sed
510 1533 644 1612 „optime
681 1532 852 1607 intellexit,
890 1533 935 1593 nil
968 1532 1009 1591 de

101 1658 138 1699 ea
160 1637 298 1713 detrahi,
331 1637 452 1699 etiamsi
479 1637 538 1697 alia
564 1636 697 1698 formula
717 1637 868 1700 ¹adhibita
899 1636 1007 1710 fuerit,

7 1731 11 1739 ’
102 1741 268 1804 dummodo
296 1744 406 1803 sensus
433 1743 617 1804 initiationis
645 1743 676 1802 in
704 1740 877 1815 Christum,
909 1741 1009 1802 lilium

101 1847 176 1923 Dei,
208 1865 308 1926 eoquo
331 1847 400 1926 ipso
418 1847 450 1906 in
472 1847 586 1922 deam,
619 1851 737 1926 patrem
759 1845 892 1920 christi,
924 1851 958 1905 et
976 1845 1009 1905 in

103 1960 241 2013 sanctum
268 1951 370 2012 Patris
398 1951 535 2031 Filiique
563 1953 705 2031 spiritum
731 1958 908 2013 reservatus
937 1949 1009 2010 iue-

101 2058 152 2122 rit.
193 2057 229 2118 ln
249 2074 288 2117 eo
310 2063 411 2117 autem
432 2056 709 2136 reprehendendus
731 2063 796 2131 est,
828 2055 911 2135 quod
932 2055 1010 2135 bap·

102 2163 187 2224 tismi
215 2169 352 2223 naturam
379 2163 417 2222 ab
444 2182 504 2223 una
531 2162 726 2223 solummodo
754 2166 841 2240 parta
862 2159 1010 2221 conside-

103 2268 197 2340 ravit3
235 2266 307 2326 dum
335 2267 416 2327 enim
442 2268 594 2328 rationem
626 2269 694 2348 ejus
726 2265 764 2327 ad
797 2265 1010 2345 regeneratio-

102 2390 173 2432 nem
186 2377 393 2450 aeternamque
405 2372 535 2432 salutem
548 2392 672 2452 semper
687 2373 860 2449 inculcavit,
881 2379 914 2433 et
929 2375 1013 2436 hanc
1039 2441 1041 2445 ,

104 2470 150 2538 ou
165 2495 285 2538 causam
304 2495 373 2536 eum
387 2477 455 2537 aliis
469 2479 626 2556 operibus,
648 2482 794 2558 martyrio
814 2479 962 2542 videlicet
979 2485 1012 2539 et

104 2600 212 2642 manus
233 2579 435 2660 impositioni,
456 2576 659 2661 caputaquis,
678 2582 831 2664 exipsius
852 2579 1011 2659 opinione,

105 2685 187 2766 qnod
210 2685 250 2745 ad
268 2685 531 2763 regenerationem
549 2687 742 2767 salutemque
759 2685 897 2767 ejusdem
914 2684 1012 2743 ratio-

105 2792 153 2853 nis
175 2791 253 2865 sint,
285 2792 376 2868 plane
403 2789 594 2868 respondere
623 2793 753 2870 putavit:
785 2788 920 2849 rationis
942 2787 1014 2866 ejus

106 2893 150 2957 ad
168 2893 328 2954 ecclesium
348 2894 497 2953 visibilem
518 2893 633 2956 oblitus
654 2894 794 2967 videtur,
823 2891 904 2972 quod
927 2892 1013 2952 soili-

106 3007 162 3062 cet
177 2999 286 3061 unicus
308 3005 357 3057 est
376 2999 471 3072 ritus,
493 3019 553 3078 quo
576 3019 613 3060 ex
634 3001 818 3073 auctoritate
839 2997 959 3058 Christi
980 2997 1014 3057 in

107 3105 269 3166 ecclesiam
295 3103 447 3163 visibilem
473 3103 615 3164 homiues
646 3103 820 3182 recipiendi
853 3109 941 3176 aunt3
981 3090 1037 3162 et'

56 3220 58 3227 '
108 3209 191 3288 quod
223 3192 447 3268 administratio
480 3209 565 3289 ejus,
597 3208 775 3287 qurumsoli
804 3207 947 3267 ecclesiae
975 3208 1013 3267 ab

108 3314 176 3392 ipso
205 3312 328 3372 Christo
357 3313 468 3373 tradita
497 3314 553 3385 sit,
586 3332 643 3372 uec
671 3311 783 3390 negligi
811 3304 924 3386 debet,
958 3328 1015 3371 uec

37 3411 41 3417 ’
109 3418 249 3479 coetibus
262 3419 504 3496 quibuscunque,
526 3416 563 3475 ad
586 3418 749 3476 ecclesiam
772 3436 833 3476 non
854 3416 1014 3503 pertiuen-

109 3525 203 3597 tihus,
226 3522 366 3584 concedi.
408 3522 505 3597 Quam
523 3521 550 3581 si
567 3522 718 3581 rationem
735 3520 1014 3592 animadvertisset,
1056 3566 1060 3576 .

110 3647 261 3708 nunquam
283 3645 356 3687 sarie
384 3644 491 3699 omne,
524 3624 606 3704 quod
629 3626 659 3685 in
681 3626 864 3705 liaptismate
885 3624 1015 3684 admini-

13 3768 17 3777 ,
112 3734 237 3797 strando
259 3720 432 3812 neglectum
453 3728 584 3802 fuisset,
606 3748 712 3790 manus
733 3728 933 3808 impositione
947 3747 1016 3789 cor·
