2236 4184
428 259 430 263 ’
525 255 599 329 len,

98 450 229 526 inisset,
250 456 286 514 ut
307 451 520 530 imperfectum
537 450 687 512 aeolesloe·
700 450 832 511 visibilis
854 447 1009 510 conditio-

98 574 168 616 nem
189 555 381 634 agnovisset,
414 561 509 635 atque
534 575 594 616 uon
609 545 711 616 solum
732 558 764 616 iu
785 555 841 628 iio,
863 553 916 632 qul
933 570 1011 613 non·

99 661 171 722 (lum
193 645 369 742 regenerati
391 665 516 732 essent,
532 649 569 722 τὸ
592 660 716 742 πνεῦμα
735 658 791 722 τοῦ
814 647 932 740 κόσμου
954 657 1011 714 ha·

98 767 216 850 bitere,
248 765 305 825 sed
336 764 369 824 iu
398 745 591 843 regeneratis
618 767 744 841 etiem,
761 767 836 842 lieet
863 762 909 824 vis
942 761 1010 841 ejus

98 871 227 931 inirieta
241 888 366 951 semper
379 871 475 949 magis
497 871 679 946 tolleretur,
695 870 911 932 effleaeltatem
925 886 1011 927 suam

100 975 203 1035 salhue
239 975 390 1034 exhibere
429 975 653 1050 intellexisset,
695 996 790 1055 quum
815 973 1012 1054 regeneratio

101 1097 162 1139 non
195 1080 314 1158 mogins
340 1081 539 1140 commutatio
568 1081 626 1154 sit,
658 1100 719 1159 qna
746 1087 812 1140 tote
844 1077 1012 1158 cogitandi,

101 1184 276 1256 sentiendi,
300 1184 468 1263 appetendi
488 1184 568 1244 ratio
595 1204 723 1264 prorsus
745 1185 850 1246 subito
872 1184 1013 1254 exuatur,

102 1287 159 1347 sed
182 1286 318 1366 Spiritus
341 1288 391 1362 S„
413 1307 501 1349 novae
517 1289 588 1350 vitae
608 1289 938 1369 prinoipinm‚‚totum.
955 1287 1014 1346 lto·

102 1391 215 1452 minem
232 1400 447 1471 regeneratum
465 1394 557 1455 modo
576 1395 692 1454 eenov'nv
709 1402 742 1454 et
752 1388 923 1474 'paulatim
946 1409 1014 1471 qnae

101 1515 120 1557 e
142 1502 250 1557 vetere
270 1498 334 1561 vite
354 1499 387 1580 in
407 1518 446 1558 ee
466 1499 690 1572 remanserint,
717 1498 904 1560 eradicando
926 1517 1015 1558 sarro-

102 1601 226 1662 tilieet:
254 1602 346 1679 Quod
373 1604 400 1663 ai
421 1603 799 1678 vidisset,·eouoessieset
816 1622 939 1683 quoque
961 1620 1016 1661 uo·

103 1726 196 1768 eatae
227 1714 329 1782 esset,
360 1707 393 1768 in
418 1717 670 1787 regeneratorum
698 1711 793 1768 etla'rn
819 1715 928 1769 ooetu·
945 1725 1016 1787 pen·

103 1811 227 1872 multos¹
240 1812 396 1886 diversas,
425 1813 495 1891 plus
515 1813 616 1874 minus
632 1814 861 1892 imperfectos,
879 1819 1017 1871 senten-

103 1916 227 1976 tias-ule
249 1916 322 1975 fidei
344 1916 527 1978 Christianae
544 1919 684 1978 articulis
710 1937 768 1978 nee
788 1936 850 1977 non
871 1916 912 1975 rie
933 1915 1016 1974 ethi-

104 2020 152 2081 els
173 2019 292 2080 Christi
321 2022 485 2100 proeeeptis
514 2024 745 2104 progerminare
768 2040 878 2103 posse,
907 2026 941 2079 et
960 2018 1017 2078 has

105 2123 305 2187 diversitates
327 2125 464 2185 diversas
486 2147 609 2207 qnoque
636 2119 738 2188 seetas'
765 2123 942 2189 necessarie
963 2142 1018 2201 pt,-

101 2230 230 2291 ritursa.
253 2231 348 2292 ·Nem
377 2230 485 2290 intima
512 2231 605 2292 modo
633 2233 808 2311 regenerati
829 2226 1019 2291 eonameutie

106 2333 147 2394 de
167 2334 303 2394 saneta
294 2334 391 2413 ipsius
413 2355 483 2417 eum
504 2336 570 2396 ileo
594 2337 824 2409 communione,
858 2341 890 2393 et
910 2331 1020 2393 intime

105 2425 275 2523 voluntatis
297 2440 365 2519 ejus
387 2439 484 2514 ratio,
516 2461 575 2520 qna
596 2441 695 2537 Deum
716 2445 843 2537 appetat
870 2444 903 2497 et
930 2453 1019 2496 mun·

107 2542 181 2605 (lum
210 2550 412 2623 aspernetur,
444 2563 462 2604 a
489 2545 608 2631 Spiritu
635 2546 668 2607 S.
695 2546 866 2627 proe'reatoe
891 2541 1019 2633 omuino

104 2646 193 2739 perae
209 2655 250 2732 et
268 2638 412 2731 omnibus
434 2646 551 2710 enodem
573 2660 661 2725 suut;
690 2653 813 2731 quoties
835 2651 938 2710 nutem
958 2647 1020 2708 ho·

107 2751 208 2833 mines
223 2724 406 2834 ⁴'seeundum’
432 2754 522 2839 hano.
541 2757 769 2818 conscientiam.
790 2756 953 2817 distinotaa
979 2750 1021 2815 de

104 2858 224 2931 senez,
249 2856 288 2921 nd
308 2857 490 2936 religionem
513 2841 772 2940 pertinentibus,
789 2863 934 2923 notiones
955 2856 1022 2917 ier-

103 2969 208 3034 maut,
230 2966 268 3021 et·
282 2961 340 3021 illa
357 2946 517 3023 voluntate
537 2965 625 3026 dueti
641 2973 751 3046 agunt,
772 2972 806 3025 et
827 2963 971 3025 notiones
988 2965 1022 3021 et

105 3067 249 3126 aetiones
281 3065 474 3145 imperfectae
499 3076 534 3131 et
560 3071 692 3130 silueram
723 3069 900 3133 necessario
932 3070 1022 3138 suutJ

106 3174 176 3230 'tota
186 3171 273 3230 enim
284 3171 530 3255 uniuscujusque
543 3175 713 3254 cogitandi,
730 3173 888 3247 sentienti,
901 3169 1023 3251 egendi

106 3278 208 3351 ratio,
230 3279 305 3338 in“
283 3297 322 3339 ns
332 3278 521 3340 eilieiendis
543 3275 673 3352 efficax,
695 3287 730 3339 ut
751 3297 844 3358 supra
861 3278 927 3357 jam
948 3273 1022 3348 dini,

110 3384 226 3443 veteris
243 3382 314 3442 vitae
331 3382 507 3476 impuritate
525 3383 682 3462 inquinata
703 3394 763 3458 est,
777 3387 818 3443 et
839 3403 895 3462 pro
918 3383 1023 3464 eujus-

112 3506 173 3568 que
194 3469 316 3549 diversa
337 3497 459 3562 natura,
493 3489 530 3548 ab
558 3488 687 3548 alierum
716 3488 785 3566 plns
812 3489 952 3561 minusve
970 3485 1023 3561 nt-

111 3612 211 3655 verae.
255 3593 332 3670 Quae
352 3613 445 3672 quum
466 3593 510 3653 ita
531 3592 608 3666 sint,
631 3593 679 3655 hee
700 3584 898 3661 diversitates
921 3590 1024 3653 diver·

109 3714 163 3759 'aea
185 3716 312 3778 quoque
329 3700 445 3775 ssotas‘,
465 3717 571 3778 quum,
591 3699 646 3778 qui
663 3698 796 3763 iovioem
812 3695 1024 3773 eonsentisut,
