2236 4184
396 358 397 363 ,
490 290 566 359 ie·

54 477 270 550 condonandis
291 489 325 546 et
345 487 377 547 in
398 486 562 548 eoeieaiam
588 479 777 566 reeipiendi·
803 480 968 562 peropima

53 588 99 654 tit
112 579 381 654 ‘Montanistnrom
401 590 608 672 impugnatio,
640 596 674 650 nt
695 605 801 649 eorum
829 592 914 647 estat
933 587 967 648 ia

55 695 529 768 eeeieaiaoatiroiinasententia,
551 693 603 774 qui
615 692 653 753 ad
665 687 968 754 severitatamiiion-

53 797 231 889 tanistioem
253 799 393 879 proxime
415 801 705 880 appropinquarent,
727 813 817 877 quam
839 798 879 858 oir
900 808 966 860 rem

56 903 285 964 Tertullianum
308 923 431 996 qnoque
451 905 552 985 ipsum
574 903 653 965 iiano
673 901 858 963 sententiam
879 909 968 963 autea

57 1008 178 1070 iuvisse
199 1007 403 1069 videbimusl.

139 1113 310 1176 dionissium
323 1110 462 1193 depingit
479 1119 587 1175 uuotor
606 1114 700 1173 turris
721 1113 828 1186 inetur,
851 1117 968 1190 “moper

57 1227 181 1299 oquua”
200 1218 237 1278 aiu
251 1216 369 1298 angelis
383 1218 615 1293 eruediiinatae²3
637 1218 750 1298 singuii
762 1217 892 1297 lapidee,
915 1217 967 1296 qui

53 1336 248 1402 percoquam
271 1322 310 1383 ad
331 1323 440 1383 turrim
462 1321 622 1395 feruntur,
644 1322 802 1395 hominos,
825 1321 876 1400 qui
891 1321 967 1400 iuap-

55 1425 151 1485 tisino
172 1425 204 1485 in
227 1427 391 1487 eeeiesiam
411 1427 618 1505 recipiuntur,
644 1419 892 1487 fundamentaies
914 1443 968 1486 au·

36 1597 38 1602 ,
56 1535 123 1588 te
144 1535 179 1589 et
199 1531 360 1610 angulares
383 1532 501 1611 iapides
523 1532 621 1592 saneti
642 1532 775 1611 apostoii
797 1536 883 1604 eunt,
915 1530 967 1612 qui

56 1630 99 1693 ob
117 1633 312 1714 apiendidam
327 1636 464 1715 ipsorum
479 1637 643 1715 puritatem
661 1655 723 1696 non
734 1637 855 1696 mutati
867 1644 967 1697 strno-

56 1746 137 1798 turte
157 1738 347 1814 inseruntur,
370 1741 441 1800 dum
457 1739 568 1819 reiiqui
586 1739 727 1799 homines
750 1745 813 1799 tum
834 1741 967 1819 primum

57 1841 175 1903 “utiiea
197 1849 289 1903 erunt
309 1841 341 1905 in
369 1850 569 1919 structuram,
601 1844 629 1904 ai
651 1845 871 1924 poenitentiam
894 1862 967 1924 ege.-

56 1949 167 2008 rint.”¹
211 1948 322 2009 Nuiius
349 1956 449 2010 autem
480 1950 604 2010 omnino
632 1949 710 2027 iapia
737 1947 868 2009 idoneus
895 1948 967 2029 erit,

58 2051 113 2132 qui
145 2052 344 2127 adhiheatur,
386 2054 447 2114 nisi
478 2073 548 2115 eum
581 2051 813 2135 adportaverint
846 2058 966 2132 septem

57 2162 174 2218 saneim
194 2159 359 2231 mulieres,
387 2159 480 2218 turris
503 2159 666 2231 custodes,
695 2157 791 2217 Fides
814 2157 967 2230 nimirum,

57 2262 195 2323 omnium
216 2255 403 2342 reiiquar'nm
426 2269 538 2337 mater,
569 2261 781 2336 Abstinentiu,
810 2260 968 2340 Simpiini-

56 2371 124 2439 tas,
161 2365 357 2442 innocentio,
389 2367 563 2441 Modestia,
595 2366 783 2446 Diaoipiina,
816 2365 967 2427 Caritat⁴.

55 2469 176 2530 Eadem
197 2470 348 2551 imagine,
370 2472 525 2550 pauiuium
548 2478 663 2532 mutata
684 2471 847 2551 iuniusque
868 2469 968 2549 eupli·

57 2580 137 2648 eata,
163 2575 194 2633 in
217 2593 296 2634 none
319 2575 520 2636 similitudine
537 2577 642 2636 utitur.
686 2567 809 2635 Turrim
827 2575 966 2634 videmus

56 2678 311 2764 epiendidiaaima
338 2681 370 2741 in
393 2698 470 2760 rupe
492 2679 668 2752 fundatam,
700 2684 732 2737 et
753 2697 811 2758 per
831 2686 966 2739 sanatam

55 2784 143 2863 rupis
165 2789 286 2863 portum
308 2814 347 2830 -
371 2790 403 2844 et
422 2803 516 2863 rupes
539 2790 571 2843 et
594 2789 683 2864 porta
697 2783 854 2844 Christum
873 2782 968 2862 signi·

54 2889 130 2949 iiont
149 2920 190 2933 -
212 2902 319 2948 omnes
342 2887 460 2967 iapidea
488 2907 505 2948 a
532 2893 646 2950 sanctie
669 2888 866 2959 punitoribus,
900 2905 968 2965 quae

54 2992 108 3052 irio
130 2990 294 3052 duodecim
314 3011 441 3053 numero
463 2999 545 3067 sunt,
567 2991 753 3072 importandi
775 2990 969 3067 aunt,‘veete'

54 3099 150 3158 etiam
171 3095 294 3154 iiiarnm
316 3096 435 3171 induti3
466 3099 551 3157 “non
573 3098 664 3157 uiitsr
685 3098 767 3158 enim
794 3096 887 3156 homo
912 3114 968 3174 po·

52 3200 172 3261 teatin
192 3200 398 3280 regnumiiei
419 3202 544 3277 intrare,
566 3201 625 3262 nisi
647 3200 696 3261 hm
717 3201 875 3262 induerint
896 3219 966 3261 enar
991 3184 994 3190 ⁵

94 3462 118 3523 ¹)
138 3458 200 3510 Vid.
220 3457 304 3511 infru.

91 3553 118 3616 ³)
138 3549 217 3602 visio
235 3549 261 3611 ὃ,
279 3549 296 3601 2
313 3567 370 3619 sqq.

90 3643 119 3704 3)
139 3641 211 3693 ibid.
230 3657 289 3708 cap.
305 3641 323 3693 5
340 3643 389 3696 air.
408 3659 467 3711 nep.
485 3642 510 3696 7.
565 3687 567 3690 .

91 3735 120 3799 ⁴)
138 3733 210 3787 ibid.
229 3751 285 3801 usp.
303 3732 329 3786 8.
