2236 4184
527 293 586 355 M

100 483 284 547 Mutthoeum
311 484 458 547 docuisse
490 484 549 546 aits
588 471 674 547 “sini
710 480 765 545 τοῦ
800 475 1019 562 βαπτίσματος

101 577 251 672 dodanam
279 588 403 669 ἔχεσθαι
427 589 487 674 τῆς
513 587 723 671 προαιρέσεως
746 587 802 648 τον
817 581 1018 667 ’βαπτιζομέ-

100 693 246 781 νον,τῷ
278 693 479 777 μετανοοῦντι
508 691 563 776 μὲν
592 688 805 774 ἐγγινομένην,
835 689 881 776 τῷ
913 685 948 752 δὲ
976 676 1020 771 μή

101 797 302 880 μετανοοῦντι
323 795 486 937 ιπροοίοντι
512 795 570 875 εἰς
596 798 721 883 κρίμα
747 783 1021 879 χαλεπώτερον

102 901 217 985 ἐσομέ
223 908 315 984 νην.”
323 898 470 980 ¹Quod
491 904 519 964 si
540 904 591 967 his
609 905 712 965 verbis
732 903 793 965 hoc
814 903 918 964 aoiam
938 897 1021 959 indi·

102 1028 172 1071 carc
203 1007 370 1081 sciuisset
406 1027 493 1084 eum,
531 1011 585 1090 qai
614 1008 809 1089 hypocritica
845 1013 879 1067 ct
914 1003 1019 1065 iniiaci

103 1120 207 1175 mente
228 1112 267 1177 ud
291 1112 477 1192 baptismum
499 1113 711 1193 obrepsisset,
748 1112 827 1175 hanc
847 1111 888 1171 ob
911 1108 1024 1188 impia·

71 1250 73 1254 ·
104 1223 217 1292 tatem,
249 1238 310 1298 qua
335 1217 479 1279 hominos
502 1224 535 1278 et
556 1217 693 1278 fortasse
715 1217 814 1276 Deam
836 1216 940 1295 ipsum
961 1212 1023 1274 iai-

103 1324 171 1383 iarc
198 1326 342 1400 cuperet,
381 1323 500 1400 majore
527 1340 629 1401 poena
656 1322 783 1402 dignum
812 1338 899 1395 csse,
932 1338 1023 1399 qaam

103 1429 157 1507 qai
178 1427 365 1506 baptismum
392 1428 535 1506 rccipcrc
561 1428 731 1502 noiaissct3
763 1426 890 1488 minima
912 1434 1023 1504 reprc-

103 1529 289 1592 ircndcndna
316 1529 448 1605 iuissct3
486 1532 542 1592 sed
569 1534 677 1611 piures
708 1537 797 1606 sunt,
829 1549 908 1611 qnos
933 1529 1024 1590 'infrt

105 1635 248 1709 afferam,
284 1635 364 1708 ioci,
394 1637 473 1714 spui,
512 1637 587 1698 iicet
612 1655 676 1696 non
711 1637 836 1698 omnino
863 1633 1023 1716 perspicui

104 1742 184 1815 sint,
215 1738 354 1802 indicare
375 1745 480 1801 tamen
501 1742 682 1817 videratur,
718 1731 788 1801 cum
818 1760 959 1802 crassam
984 1741 1024 1801 da

104 1847 200 1907 hacce
228 1843 489 1907 condemnatione
514 1848 700 1907 sententiam
721 1846 850 1908 fovisse.
871 1876 914 1894 -
934 1845 1024 1907 Aiias

107 1971 231 2034 quoquc
260 1970 413 2030 perversas
441 1952 592 2013 doctrinm
620 1952 812 2012 accusandus
840 1955 907 2024 cst,
938 1948 1025 2029 qnod

106 2063 227 2124 sciiicct
256 2057 400 2120 remissio
433 2063 649 2135 peccatorum,
691 2057 834 2136 perfecta
867 2055 1024 2134 baptisma

107 2185 271 2240 concessa,
304 2155 500 2222 solummodo
523 2162 563 2222 ad
590 2168 681 2243 antea
706 2163 871 2222 commissa
895 2167 1026 2241 peccata

107 2273 271 2352 pertineat.
313 2268 503 2347 Baptismum
532 2268 632 2340 anim,
666 2267 793 2348 propria
816 2266 866 2326 'sic
894 2264 1025 2339 dictam,

107 2397 177 2439 cum
209 2374 373 2454 martyrio,
410 2372 585 2451 sanguinis,
625 2376 659 2429 ut
691 2371 820 2445 dicitnr,
857 2371 1025 2450 baptismo,

107 2499 305 2560 comparans,
327 2479 406 2556 “par
426 2475 540 2549 iiiud‚”
568 2452 685 2553 inquit,
715 2477 891 2555 “baptisma
910 2480 1026 2553 prate-

106 2587 172 2645 ritc
194 2589 320 2664 peccata
341 2587 526 2660 purgentur
557 2599 616 2659 per
641 2580 727 2640 istud
749 2598 824 2641 vcra
852 2580 948 2639 ctiam
973 2577 1026 2638 fa

107 2696 177 2750 tara
197 2685 437 2768 perimuntur.''²
481 2684 552 2746 Non
573 2691 676 2745 tamen
703 2685 870 2745 admodum
893 2682 1026 2744 diiiiciic

109 2793 214 2867 ducit,
246 2797 358 2870 postea
379 2790 613 2852 commissorum
635 2791 757 2851 venian
779 2772 939 2865 obtinere,
971 2805 1027 2848 sex

108 2899 191 2961 cuim
213 2897 354 2959 diversos
376 2897 443 2976 ejus
466 2895 681 2974 comparandae
708 2895 818 2955 modos
848 2897 1027 2966 enumerat3

6 3039 10 3054 ·
99 3004 265 3085 ‘quomodo
286 3020 360 3061 vcro
384 3000 463 3080 qais,
486 2997 659 3079 pracsertim
676 2998 947 3079 ingeniosissimus
968 2998 1026 3072 vir,

108 3117 170 3171 tam
191 3080 369 3187 perversam
392 3104 563 3166 doctrinam
582 3122 758 3183 proponere
779 3104 930 3183 potnerit,
959 3120 1028 3182 qum

107 3210 263 3274 internum
280 3231 354 3274 -cum
377 3220 506 3272 externa
529 3210 620 3288 piane
642 3209 829 3283 contundat,
862 3215 1027 3286 certasque

109 3315 253 3377 antennas
280 3334 350 3391 res,
385 3337 403 3377 a
429 3335 503 3376 rara
534 3333 590 3374 sna
622 3314 728 3374 radias
759 3315 791 3374 iu
822 3318 953 3392 pectore
979 3311 1027 3370 in-

15 3442 20 3454 ·
109 3419 186 3481 timo
208 3420 356 3494 diruisse,
378 3439 418 3482 cx
431 3439 528 3501 opere
543 3420 631 3499 qumi
653 3425 782 3497 operato
798 3417 919 3477 scnium
941 3434 1027 3476 cum·

26 3616 35 3639 ⁸
144 3651 169 3716 ¹)
187 3653 218 3703 In
235 3651 299 3704 Joir.
318 3623 432 3714 innati,
451 3667 510 3718 cap.
529 3647 571 3702 17.

143 3746 171 3808 ²)
190 3742 222 3795 in
243 3742 293 3798 iio.
312 3742 403 3796 Jadic.
424 3742 499 3795 hom.
518 3740 546 3805 i,
564 3757 623 3808 cap.
642 3739 669 3794 2.
735 3777 739 3786 .
