2236 4184
441 208 585 356 ,nu

97 485 169 528 eum
196 463 344 544 baptismi
368 462 489 537 ideam,
521 476 612 542 qnam
639 460 812 541 perfectum
834 463 1011 524 adultorum
1085 529 1088 535 ‚

98 570 288 650 baptismum
308 567 480 647 spectando
507 566 568 628 sili
592 565 782 642 formarunt,
814 570 932 647 absque
954 567 1013 627 oln-

99 677 254 738 bitatione
285 672 325 733 ad
356 670 636 751 pacdobaptismnm
663 674 895 734 transtulerunt.
946 672 1014 750 Qua

102 800 140 841 ex
160 798 197 840 re
224 776 378 857 imprimis
405 783 550 856 apparet,
579 795 670 856 qnam
697 777 788 838 uelde
813 776 853 837 ad
880 775 1014 856 magicas
1084 858 1086 863 .

102 881 275 945 sententias
296 880 390 943 uniml
411 898 518 941 eornm
538 880 726 943 inclinarint.

186 986 288 1062 anm
308 984 404 1064 igitur
423 983 598 1064 perfectum
619 985 806 1065 baptismum
822 986 943 1046 unicam
963 1002 1015 1045 re·

103 1089 322 1173 generationis·
336 1089 415 1150 viana
435 1089 594 1169 plerique,
616 1096 652 1150 nt
672 1089 822 1164 vidimus,
841 1088 1017 1163 habuerint,

103 1201 137 1257 et
154 1195 234 1255 hanc
252 1211 325 1272 ergo
337 1194 490 1254 internam
508 1193 641 1253 lrominla
655 1193 928 1254 commutationem
946 1211 1017 1253 sen·

104 1299 243 1361 sualibns
262 1316 386 1377 quoqne
405 1298 501 1357 rebus
522 1297 679 1376 procreari
700 1298 854 1377 putarint:
873 1316 939 1358 ¹non
959 1296 1018 1356 rui·

104 1405 253 1476 mnrium,
285 1402 386 1482 quau,
417 1402 516 1481 ipsam
536 1402 803 1480 regenerationem
828 1420 890 1463 non
917 1401 1041 1462 solum

106 1509 303 1590 spiritnslem
324 1506 380 1567 seul
403 1507 578 1568 sensualem
600 1524 723 1584 qnoque
744 1524 825 1582 csse,
847 1525 905 1566 nec
926 1505 1021 1566 modo

107 1615 242 1675 animum
271 1611 424 1687 hominis,
456 1610 513 1671 sed
545 1628 657 1688 corpus
683 1610 777 1671 etiam
807 1629 958 1673 renovurc
989 1615 1023 1670 et

110 1719 221 1779 divinoe
248 1715 472 1778 communionis
499 1715 658 1795 particeps
687 1714 809 1791 faeere,
843 1717 1022 1795 complures

110 1842 235 1896 eornm,
256 1821 396 1901 inprimis
418 1820 586 1894 lrenaensl,
610 1819 852 1895 Tertullianns2,
875 1820 1021 1879 Clemens

109 1925 369 1999 Alexandrinos⁸,
401 1925 428 1984 si
454 1943 567 2004 nempe
596 1925 628 1985 in
654 1925 772 2006 eulogie
799 1925 1023 2005 prophetarum

80 2079 85 2088 .
110 2015 211 2111 ipsine
242 2030 413 2091 sententias
445 2032 684 2094 communicatas
714 2031 883 2104 habemns,
921 2026 1025 2088 creali-

112 2132 257 2197 dernnt4.
300 2133 392 2209 Quod
408 2151 482 2192 vero
505 2132 543 2191 ad
565 2136 743 2217 spirituales
765 2135 912 2207 effectus,
932 2144 1046 2212 regc·'

111 2240 238 2302 seranti-
256 2239 419 2318 baptismo*
432 2238 583 2315 tributos,
606 2242 733 2319 attinet,
759 2238 1026 2318 regenerationem
1099 2279 1100 2282 κ

110 2344 250 2407 hominis
271 2343 393 2418 dnobus
414 2343 502 2406 hisce
520 2346 614 2406 rebus
636 2351 794 2419 constare,
812 2345 908 2423 ‘quod
929 2343 1028 2404 ultera
1105 2398 1106 2401 ,

115 2469 156 2510 ex
177 2456 266 2529 parte
286 2449 457 2509 vitiositate
484 2457 634 2529 purgetur
653 2449 765 2524 homo,
796 2449 1032 2510 remissionem

114 2573 178 2634 qne
200 2553 384 2615 delictorum
406 2555 552 2633 accipiat,
575 2556 671 2617 alteri
689 2571 767 2615 novo
790 2552 893 2616 divino
916 2551 1029 2631 spiritu
1065 2586 1068 2593 ·

116 2660 271 2720 animetur
288 2665 320 2718 et
339 2658 450 2720 ‹livinae
463 2659 688 2720 communionis
705 2659 861 2739 particeps
874 2658 939 2733 iat,
962 2675 1029 2718 om-

103 2783 175 2826 -nes
196 2764 267 2844 plns
287 2763 429 2824 minusve
449 2769 535 2825 recte
558 2764 752 2825 intellexisse
774 2764 923 2837 vidimus,
946 2782 1030 2824 eam·

117 2888 180 2957 qne
209 2870 249 2929 ob
281 2886 405 2929 cansam
437 2875 469 2929 et
502 2870 661 2947 negativos
695 2873 727 2927 et
757 2868 905 2947 politicos
933 2868 1031 2928 hosce

156 3081 183 3145 ¹)
200 3076 412 3147 Pegg.'t8-4l.
527 3096 529 3101 ⁸
566 3079 568 3081 ’
598 3074 599 3077 ’

155 3172 185 3235 ¹)
202 3169 269 3238 Peg.
287 3167 329 3222 ii.
624 3242 626 3246 ἡ

155 3262 182 3326 ⁸)
200 3262 291 3330 Pagg.
309 3258 412 3313 59-61.
494 3324 497 3331 „
744 3266 748 3276 ’

156 3355 184 3420 ⁴)
202 3354 263 3406 Cir.
276 3353 378 3407 Nearnl.
393 3352 428 3410 ll.
440 3353 475 3408 G.
485 3353 540 3405 vol.
550 3353 571 3418 l,
589 3368 654 3421 psg.
664 3349 731 3406 ‘12⁰2
747 3351 835 3405 “Wau
850 3390 878 3406 ..
892 3351 1036 3407 alie‘l'anle

120 3446 245 3511 mnino,
271 3461 301 3498 so
318 3461 377 3498 war
401 3443 446 3497 alie
469 3460 514 3497 ern
538 3443 653 3496 meisten
670 3443 901 3498 rorherrschende
921 3446 986 3498 ldee
1002 3469 1037 3484 ··-

121 3537 168 3590 ulie
194 3539 259 3590 ldae
282 3525 336 3590 uon
362 3537 442 3589 ciner
458 3535 510 3588 mit
534 3536 582 3588 aler
605 3535 694 3590 Tania
715 3537 906 3590 verbundeneu
930 3535 1037 3607 gelatig

87 3660 90 3670 ι
122 3630 278 3682 nauticam
301 3627 506 3698 Gemoinsclrait
531 3627 584 3681 mit
609 3629 672 3682 dem
694 3645 798 3698 genuen
823 3628 951 3682 Christus
973 3644 1037 3683 aum

126 3721 193 3775 Hetl
213 3721 260 3774 dor
277 3737 380 3792 genneo
399 3720 505 3789 geistig
522 3720 676 3774 sinnliclran
697 3721 952 3777 lllcnmlrennntnr.”
1013 3728 1016 3734 “
