<?xml version="1.0" encoding="UTF-8"?>
<!DOCTYPE html PUBLIC "-//W3C//DTD XHTML 1.0 Transitional//EN"
    "http://www.w3.org/TR/xhtml1/DTD/xhtml1-transitional.dtd">
<html xmlns="http://www.w3.org/1999/xhtml" xml:lang="en" lang="en">
 <head>
  <title>
</title>
<meta http-equiv="Content-Type" content="text/html;charset=utf-8" />
  <meta name='ocr-system' content='tesseract 3.04.00' />
  <meta name='ocr-capabilities' content='ocr_page ocr_carea ocr_par ocr_line ocrx_word'/>
</head>
<body>
  <div class='ocr_page' id='page_1' title='image "./devieteffectibu00schugoog_0047.png"; bbox 0 0 2236 4184; ppageno 0'>
   <div class='ocr_carea' id='block_1_1' title="bbox 585 272 628 334">
    <p class='ocr_par' dir='ltr' id='par_1_1' title="bbox 585 272 628 334">
     <span class='ocr_line' id='line_1_1' title="bbox 585 272 628 334; baseline 0 0"><span class='ocrx_word' id='word_1_1' title='bbox 585 272 628 334; x_wconf 71' lang='grc'>34</span> 
     </span>
    </p>
   </div>
   <div class='ocr_carea' id='block_1_2' title="bbox 77 450 1066 756">
    <p class='ocr_par' dir='ltr' id='par_1_2' title="bbox 77 450 1066 756">
     <span class='ocr_line' id='line_1_2' title="bbox 150 450 1064 550; baseline -0.002 -22"><span class='ocrx_word' id='word_1_2' title='bbox 150 455 282 529; x_wconf 68' lang='grc' dir='ltr'>δύνασαι</span> <span class='ocrx_word' id='word_1_3' title='bbox 302 452 376 550; x_wconf 76' lang='grc' dir='ltr'>ὁρᾷν</span> <span class='ocrx_word' id='word_1_4' title='bbox 396 450 450 526; x_wconf 76' lang='grc' dir='ltr'>τὸν</span> <span class='ocrx_word' id='word_1_5' title='bbox 471 452 544 526; x_wconf 67' lang='lat' dir='ltr'>octo.</span> <span class='ocrx_word' id='word_1_6' title='bbox 587 451 646 545; x_wconf 78' lang='grc' dir='ltr'>πρὸ</span> <span class='ocrx_word' id='word_1_7' title='bbox 673 452 791 537; x_wconf 80' lang='grc' dir='ltr'>παντὸς</span> <span class='ocrx_word' id='word_1_8' title='bbox 816 459 851 526; x_wconf 83' lang='grc' dir='ltr'>δὲ</span> <span class='ocrx_word' id='word_1_9' title='bbox 877 457 1064 544; x_wconf 74' lang='grc' dir='ltr'>προηγείσθω</span> 
     </span>
     <span class='ocr_line' id='line_1_3' title="bbox 149 553 1065 651; baseline -0.003 -19"><span class='ocrx_word' id='word_1_10' title='bbox 149 590 204 632; x_wconf 85' lang='grc' dir='ltr'>σου</span> <span class='ocrx_word' id='word_1_11' title='bbox 225 566 256 631; x_wconf 82' lang='grc' dir='ltr'>ἐν</span> <span class='ocrx_word' id='word_1_12' title='bbox 276 567 317 651; x_wconf 79' lang='grc' dir='ltr'>τῇ</span> <span class='ocrx_word' id='word_1_13' title='bbox 339 563 456 650; x_wconf 78' lang='grc' dir='ltr'>καρδίᾳ</span> <span class='ocrx_word' id='word_1_14' title='bbox 477 563 579 642; x_wconf 80' lang='grc' dir='ltr'>πίστις</span> <span class='ocrx_word' id='word_1_15' title='bbox 600 563 656 630; x_wconf 86' lang='grc' dir='ltr'>καὶ</span> <span class='ocrx_word' id='word_1_16' title='bbox 676 556 773 649; x_wconf 79' lang='grc' dir='ltr'>φόβος</span> <span class='ocrx_word' id='word_1_17' title='bbox 795 553 811 629; x_wconf 80' lang='grc' dir='ltr'>ὅ</span> <span class='ocrx_word' id='word_1_18' title='bbox 831 566 886 630; x_wconf 82' lang='grc' dir='ltr'>τοῦ</span> <span class='ocrx_word' id='word_1_19' title='bbox 909 565 988 643; x_wconf 76' lang='grc' dir='ltr'>Θεοῦ,</span> <span class='ocrx_word' id='word_1_20' title='bbox 1010 561 1065 629; x_wconf 80' lang='grc' dir='ltr'>καὶ</span> 
     </span>
     <span class='ocr_line' id='line_1_4' title="bbox 77 658 1066 756; baseline -0.004 -20"><span class='ocrx_word' id='word_1_21' title='bbox 77 686 83 693; x_wconf 85' lang='grc'><em>·</em></span> <span class='ocrx_word' id='word_1_22' title='bbox 147 663 221 737; x_wconf 82' lang='grc' dir='ltr'>τότε</span> <span class='ocrx_word' id='word_1_23' title='bbox 246 662 391 756; x_wconf 73' lang='grc' dir='ltr'>σννήσεις</span> <span class='ocrx_word' id='word_1_24' title='bbox 415 671 527 736; x_wconf 77' lang='grc' dir='ltr'>ταῦτα</span> <span class='ocrx_word' id='word_1_25' title='bbox 570 661 645 735; x_wconf 74' lang='grc' dir='ltr'>ὅταν</span> <span class='ocrx_word' id='word_1_26' title='bbox 677 658 777 753; x_wconf 59' lang='lat' dir='ltr'>doctri</span> <span class='ocrx_word' id='word_1_27' title='bbox 807 660 844 734; x_wconf 84' lang='grc' dir='ltr'><em>τό</em></span> <span class='ocrx_word' id='word_1_28' title='bbox 875 659 980 755; x_wconf 76' lang='grc' dir='ltr'>Θνητόν</span> <span class='ocrx_word' id='word_1_29' title='bbox 1010 665 1066 735; x_wconf 78' lang='grc' dir='ltr'>καί</span> 
     </span>
    </p>
   </div>
   <div class='ocr_carea' id='block_1_3' title="bbox 20 761 1063 860">
    <p class='ocr_par' dir='ltr' id='par_1_3' title="bbox 20 761 1063 860">
     <span class='ocr_line' id='line_1_5' title="bbox 20 761 1063 860; baseline -0.005 -19"><span class='ocrx_word' id='word_1_30' title='bbox 20 761 23 766; x_wconf 44' lang='grc'>’</span> <span class='ocrx_word' id='word_1_31' title='bbox 147 766 259 858; x_wconf 75' lang='grc' dir='ltr'>ἐνδύσῃ</span> <span class='ocrx_word' id='word_1_32' title='bbox 285 764 342 860; x_wconf 68' lang='grc' dir='ltr'>τὴν</span> <span class='ocrx_word' id='word_1_33' title='bbox 373 762 562 858; x_wconf 70' lang='grc' dir='ltr'>ἀφθαρσίαν,</span> <span class='ocrx_word' id='word_1_34' title='bbox 590 765 664 839; x_wconf 81' lang='grc' dir='ltr'>τότε</span> <span class='ocrx_word' id='word_1_35' title='bbox 691 764 766 857; x_wconf 60' lang='lat' dir='ltr'>doct«</span> <span class='ocrx_word' id='word_1_36' title='bbox 790 762 861 837; x_wconf 86' lang='grc' dir='ltr'>κατ’</span> <span class='ocrx_word' id='word_1_37' title='bbox 890 762 981 854; x_wconf 74' lang='grc' dir='ltr'>ἀξίαν</span> <span class='ocrx_word' id='word_1_38' title='bbox 1011 761 1063 837; x_wconf 75' lang='grc' dir='ltr'>τὸν</span> 
     </span>
    </p>
   </div>
   <div class='ocr_carea' id='block_1_4' title="bbox 145 866 1065 1482">
    <p class='ocr_par' dir='ltr' id='par_1_4' title="bbox 145 866 1065 1482">
     <span class='ocr_line' id='line_1_6' title="bbox 148 866 1064 964; baseline -0.004 -19"><span class='ocrx_word' id='word_1_39' title='bbox 148 870 221 946; x_wconf 76' lang='grc' dir='ltr'>θεόν·</span> <span class='ocrx_word' id='word_1_40' title='bbox 243 869 392 961; x_wconf 73' lang='grc' dir='ltr'>ἀνεγείρει</span> <span class='ocrx_word' id='word_1_41' title='bbox 410 870 471 961; x_wconf 79' lang='grc' dir='ltr'>γάρ</span> <span class='ocrx_word' id='word_1_42' title='bbox 493 900 548 943; x_wconf 86' lang='grc' dir='ltr'>σου</span> <span class='ocrx_word' id='word_1_43' title='bbox 569 867 625 964; x_wconf 70' lang='lat' dir='ltr'>rip</span> <span class='ocrx_word' id='word_1_44' title='bbox 647 869 754 960; x_wconf 78' lang='grc' dir='ltr'>σάρκα</span> <span class='ocrx_word' id='word_1_45' title='bbox 772 866 926 943; x_wconf 70' lang='grc' dir='ltr'>ἀθάνατον</span> <span class='ocrx_word' id='word_1_46' title='bbox 943 866 1001 943; x_wconf 79' lang='lat' dir='ltr'>mio</span> <span class='ocrx_word' id='word_1_47' title='bbox 1021 877 1064 961; x_wconf 70' lang='grc' dir='ltr'>τῇ</span> 
     </span>
     <span class='ocr_line' id='line_1_7' title="bbox 146 971 1064 1068; baseline -0.001 -23"><span class='ocrx_word' id='word_1_48' title='bbox 146 984 233 1068; x_wconf 71' lang='grc' dir='ltr'>ψυχῇ</span> <span class='ocrx_word' id='word_1_49' title='bbox 256 973 272 1045; x_wconf 84' lang='grc' dir='ltr'><strong><em>ὁ</em></strong></span> <span class='ocrx_word' id='word_1_50' title='bbox 293 971 370 1062; x_wconf 74' lang='grc' dir='ltr'>θεὸς,</span> <span class='ocrx_word' id='word_1_51' title='bbox 390 979 446 1048; x_wconf 81' lang='grc' dir='ltr'>καί</span> <span class='ocrx_word' id='word_1_52' title='bbox 464 973 538 1048; x_wconf 82' lang='grc' dir='ltr'>τότε</span> <span class='ocrx_word' id='word_1_53' title='bbox 559 973 631 1065; x_wconf 72' lang='grc' dir='ltr'>ὄψει</span> <span class='ocrx_word' id='word_1_54' title='bbox 650 972 811 1064; x_wconf 77' lang='grc' dir='ltr'>γενόμενος</span> <span class='ocrx_word' id='word_1_55' title='bbox 832 971 991 1058; x_wconf 72' lang='grc' dir='ltr'>ἀθάνατος</span> <span class='ocrx_word' id='word_1_56' title='bbox 1010 974 1064 1045; x_wconf 77' lang='grc' dir='ltr'>τὸν</span> 
     </span>
     <span class='ocr_line' id='line_1_8' title="bbox 148 1074 1064 1174; baseline -0.005 -21"><span class='ocrx_word' id='word_1_57' title='bbox 148 1078 317 1165; x_wconf 65' lang='lat' dir='ltr'>dottam,</span> <span class='ocrx_word' id='word_1_58' title='bbox 339 1085 393 1152; x_wconf 74' lang='grc' dir='ltr'>ίαν</span> <span class='ocrx_word' id='word_1_59' title='bbox 414 1089 466 1152; x_wconf 79' lang='grc' dir='ltr'>νῦν</span> <span class='ocrx_word' id='word_1_60' title='bbox 486 1077 657 1170; x_wconf 70' lang='grc' dir='ltr'>πιστεύσῃς</span> <span class='ocrx_word' id='word_1_61' title='bbox 679 1074 799 1174; x_wconf 62' lang='grc' dir='ltr'>αν’τερῑ”ι</span> <span class='ocrx_word' id='word_1_62' title='bbox 823 1121 863 1134; x_wconf 89' lang='lat'>-</span> <span class='ocrx_word' id='word_1_63' title='bbox 885 1085 968 1167; x_wconf 88' lang='lat' dir='ltr'>quod</span> <span class='ocrx_word' id='word_1_64' title='bbox 986 1086 1064 1148; x_wconf 85' lang='lat' dir='ltr'>effa·</span> 
     </span>
     <span class='ocr_line' id='line_1_9' title="bbox 146 1190 1064 1273; baseline -0.005 -18"><span class='ocrx_word' id='word_1_65' title='bbox 146 1201 213 1255; x_wconf 90' lang='lat' dir='ltr'>tum</span> <span class='ocrx_word' id='word_1_66' title='bbox 233 1193 372 1273; x_wconf 80' lang='lat' dir='ltr'>perbene</span> <span class='ocrx_word' id='word_1_67' title='bbox 385 1212 455 1254; x_wconf 90' lang='lat' dir='ltr'>cum</span> <span class='ocrx_word' id='word_1_68' title='bbox 471 1192 614 1255; x_wconf 88' lang='lat' dir='ltr'>doctrina</span> <span class='ocrx_word' id='word_1_69' title='bbox 632 1191 816 1253; x_wconf 84' lang='lat' dir='ltr'>desalutari</span> <span class='ocrx_word' id='word_1_70' title='bbox 836 1190 974 1270; x_wconf 81' lang='lat' dir='ltr'>perfecti</span> <span class='ocrx_word' id='word_1_71' title='bbox 987 1194 1064 1271; x_wconf 91' lang='lat' dir='ltr'>bap-</span> 
     </span>
     <span class='ocr_line' id='line_1_10' title="bbox 145 1295 1065 1377; baseline -0.003 -18"><span class='ocrx_word' id='word_1_72' title='bbox 145 1298 232 1359; x_wconf 88' lang='lat' dir='ltr'>tismi</span> <span class='ocrx_word' id='word_1_73' title='bbox 246 1298 277 1358; x_wconf 79' lang='lat' dir='ltr'>ui</span> <span class='ocrx_word' id='word_1_74' title='bbox 293 1298 461 1372; x_wconf 86' lang='lat' dir='ltr'>consentit,</span> <span class='ocrx_word' id='word_1_75' title='bbox 480 1297 573 1377; x_wconf 89' lang='lat' dir='ltr'>piane</span> <span class='ocrx_word' id='word_1_76' title='bbox 583 1302 687 1356; x_wconf 89' lang='lat' dir='ltr'>autem</span> <span class='ocrx_word' id='word_1_77' title='bbox 699 1315 717 1357; x_wconf 85' lang='lat' dir='ltr'>a</span> <span class='ocrx_word' id='word_1_78' title='bbox 729 1295 871 1357; x_wconf 79' lang='lat' dir='ltr'>doctrine</span> <span class='ocrx_word' id='word_1_79' title='bbox 887 1295 929 1357; x_wconf 86' lang='lat' dir='ltr'>de</span> <span class='ocrx_word' id='word_1_80' title='bbox 945 1297 1065 1377; x_wconf 80' lang='lat' dir='ltr'>magica</span> 
     </span>
     <span class='ocr_line' id='line_1_11' title="bbox 146 1399 999 1482; baseline -0.005 -17"><span class='ocrx_word' id='word_1_81' title='bbox 146 1403 268 1465; x_wconf 83' lang='lat' dir='ltr'>externi</span> <span class='ocrx_word' id='word_1_82' title='bbox 288 1401 437 1482; x_wconf 84' lang='lat' dir='ltr'>baptismi</span> <span class='ocrx_word' id='word_1_83' title='bbox 457 1419 497 1481; x_wconf 84' lang='lat' dir='ltr'>ex</span> <span class='ocrx_word' id='word_1_84' title='bbox 518 1419 615 1482; x_wconf 90' lang='lat' dir='ltr'>opere</span> <span class='ocrx_word' id='word_1_85' title='bbox 637 1407 767 1482; x_wconf 89' lang='lat' dir='ltr'>operato</span> <span class='ocrx_word' id='word_1_86' title='bbox 788 1399 820 1460; x_wconf 82' lang='lat' dir='ltr'>vi</span> <span class='ocrx_word' id='word_1_87' title='bbox 841 1400 999 1462; x_wconf 77' lang='lat' dir='ltr'>dissentit.</span> 
     </span>
    </p>
   </div>
   <div class='ocr_carea' id='block_1_5' title="bbox 239 1660 966 1777">
    <p class='ocr_par' dir='ltr' id='par_1_5' title="bbox 239 1660 966 1777">
     <span class='ocr_line' id='line_1_12' title="bbox 239 1660 966 1777; baseline 0 -27"><span class='ocrx_word' id='word_1_88' title='bbox 239 1660 637 1777; x_wconf 81' lang='lat' dir='ltr'>Recogm&#39;ta&#39;oces</span> <span class='ocrx_word' id='word_1_89' title='bbox 668 1660 966 1750; x_wconf 60' lang='lat' dir='ltr'>clementis?</span> 
     </span>
    </p>
   </div>
   <div class='ocr_carea' id='block_1_6' title="bbox 142 1867 1061 2054">
    <p class='ocr_par' dir='ltr' id='par_1_6' title="bbox 142 1867 1061 2054">
     <span class='ocr_line' id='line_1_13' title="bbox 225 1867 1061 1948; baseline 0.001 -19"><span class='ocrx_word' id='word_1_90' title='bbox 225 1867 276 1929; x_wconf 83' lang='lat' dir='ltr'>Ad</span> <span class='ocrx_word' id='word_1_91' title='bbox 303 1867 526 1928; x_wconf 83' lang='lat' dir='ltr'>describendas</span> <span class='ocrx_word' id='word_1_92' title='bbox 553 1874 675 1948; x_wconf 89' lang='lat' dir='ltr'>patrum</span> <span class='ocrx_word' id='word_1_93' title='bbox 707 1867 992 1948; x_wconf 86' lang='lat' dir='ltr'>antiquissimorum</span> <span class='ocrx_word' id='word_1_94' title='bbox 1021 1869 1061 1930; x_wconf 89' lang='lat' dir='ltr'>de</span> 
     </span>
     <span class='ocr_line' id='line_1_14' title="bbox 142 1970 1061 2054; baseline 0.001 -20"><span class='ocrx_word' id='word_1_95' title='bbox 142 1973 297 2053; x_wconf 79' lang='lat' dir='ltr'>baptismo</span> <span class='ocrx_word' id='word_1_96' title='bbox 320 1971 478 2033; x_wconf 91' lang='lat' dir='ltr'>doctrinas</span> <span class='ocrx_word' id='word_1_97' title='bbox 500 1989 593 2032; x_wconf 81' lang='lat' dir='ltr'>seusu</span> <span class='ocrx_word' id='word_1_98' title='bbox 619 1971 778 2032; x_wconf 68' lang='lat' dir='ltr'>strictiore</span> <span class='ocrx_word' id='word_1_99' title='bbox 803 1970 865 2034; x_wconf 91' lang='lat' dir='ltr'>hoc</span> <span class='ocrx_word' id='word_1_100' title='bbox 892 1992 970 2053; x_wconf 89' lang='lat' dir='ltr'>opus</span> <span class='ocrx_word' id='word_1_101' title='bbox 993 1975 1061 2054; x_wconf 90' lang='lat' dir='ltr'>qui-</span> 
     </span>
    </p>
   </div>
   <div class='ocr_carea' id='block_1_7' title="bbox 29 2076 1060 2158">
    <p class='ocr_par' dir='ltr' id='par_1_7' title="bbox 29 2076 1060 2158">
     <span class='ocr_line' id='line_1_15' title="bbox 29 2076 1060 2158; baseline 0 -18"><span class='ocrx_word' id='word_1_102' title='bbox 29 2114 32 2119; x_wconf 93' lang='lat'>·</span> <span class='ocrx_word' id='word_1_103' title='bbox 143 2078 216 2140; x_wconf 85' lang='lat' dir='ltr'>dem</span> <span class='ocrx_word' id='word_1_104' title='bbox 237 2096 300 2138; x_wconf 89' lang='lat' dir='ltr'>non</span> <span class='ocrx_word' id='word_1_105' title='bbox 321 2076 473 2156; x_wconf 81' lang='lat' dir='ltr'>pertinet,</span> <span class='ocrx_word' id='word_1_106' title='bbox 494 2094 605 2156; x_wconf 86' lang='lat' dir='ltr'>quum,</span> <span class='ocrx_word' id='word_1_107' title='bbox 627 2082 778 2157; x_wconf 86' lang='lat' dir='ltr'>utsupra</span> <span class='ocrx_word' id='word_1_108' title='bbox 794 2078 860 2158; x_wconf 87' lang='lat' dir='ltr'>jam</span> <span class='ocrx_word' id='word_1_109' title='bbox 882 2077 964 2151; x_wconf 86' lang='lat' dir='ltr'>dixi,</span> <span class='ocrx_word' id='word_1_110' title='bbox 991 2084 1060 2140; x_wconf 93' lang='lat' dir='ltr'>toto</span> 
     </span>
    </p>
   </div>
   <div class='ocr_carea' id='block_1_8' title="bbox 140 2181 1105 2678">
    <p class='ocr_par' dir='ltr' id='par_1_8' title="bbox 140 2181 1105 2678">
     <span class='ocr_line' id='line_1_16' title="bbox 143 2181 1060 2261; baseline 0.001 -17"><span class='ocrx_word' id='word_1_111' title='bbox 143 2202 181 2244; x_wconf 81' lang='lat' dir='ltr'>ex</span> <span class='ocrx_word' id='word_1_112' title='bbox 214 2198 312 2261; x_wconf 88' lang='lat' dir='ltr'>opere</span> <span class='ocrx_word' id='word_1_113' title='bbox 347 2184 512 2261; x_wconf 74' lang='lat' dir='ltr'>apparent,</span> <span class='ocrx_word' id='word_1_114' title='bbox 554 2199 615 2240; x_wconf 89' lang='lat' dir='ltr'>non</span> <span class='ocrx_word' id='word_1_115' title='bbox 646 2187 766 2261; x_wconf 88' lang='lat' dir='ltr'>patrem</span> <span class='ocrx_word' id='word_1_116' title='bbox 799 2181 959 2255; x_wconf 79' lang='lat' dir='ltr'>ecclesiae,</span> <span class='ocrx_word' id='word_1_117' title='bbox 1000 2184 1060 2245; x_wconf 86' lang='lat' dir='ltr'>sed</span> 
     </span>
     <span class='ocr_line' id='line_1_17' title="bbox 140 2284 1061 2366; baseline 0 -18"><span class='ocrx_word' id='word_1_118' title='bbox 140 2287 319 2348; x_wconf 75' lang='lat' dir='ltr'>Ebionitam</span> <span class='ocrx_word' id='word_1_119' title='bbox 341 2284 493 2364; x_wconf 75' lang='lat' dir='ltr'>quendem</span> <span class='ocrx_word' id='word_1_120' title='bbox 516 2291 674 2344; x_wconf 73' lang='lat' dir='ltr'>auctorem</span> <span class='ocrx_word' id='word_1_121' title='bbox 698 2288 766 2366; x_wconf 87' lang='lat' dir='ltr'>ejus</span> <span class='ocrx_word' id='word_1_122' title='bbox 790 2304 870 2345; x_wconf 81' lang='lat' dir='ltr'>esse.</span> <span class='ocrx_word' id='word_1_123' title='bbox 912 2286 1061 2348; x_wconf 76' lang='lat' dir='ltr'>Attamen</span> 
     </span>
     <span class='ocr_line' id='line_1_18' title="bbox 141 2370 1060 2470; baseline -0.003 -16"><span class='ocrx_word' id='word_1_124' title='bbox 141 2409 203 2454; x_wconf 89' lang='lat' dir='ltr'>non</span> <span class='ocrx_word' id='word_1_125' title='bbox 224 2370 525 2470; x_wconf 79' lang='lat' dir='ltr'>praetermittendum</span> <span class='ocrx_word' id='word_1_126' title='bbox 547 2387 637 2462; x_wconf 83' lang='lat' dir='ltr'>dtrxi,</span> <span class='ocrx_word' id='word_1_127' title='bbox 669 2408 772 2468; x_wconf 83' lang='lat' dir='ltr'>quum¹</span> <span class='ocrx_word' id='word_1_128' title='bbox 789 2390 967 2470; x_wconf 85' lang='lat' dir='ltr'>complures</span> <span class='ocrx_word' id='word_1_129' title='bbox 993 2411 1060 2451; x_wconf 84' lang='lat' dir='ltr'>ma-</span> 
     </span>
     <span class='ocr_line' id='line_1_19' title="bbox 141 2478 1105 2577; baseline -0.001 -20"><span class='ocrx_word' id='word_1_130' title='bbox 141 2496 218 2577; x_wconf 71' lang='lat' dir='ltr'>gicae</span> <span class='ocrx_word' id='word_1_131' title='bbox 235 2493 327 2567; x_wconf 77' lang='lat' dir='ltr'>idem,</span> <span class='ocrx_word' id='word_1_132' title='bbox 350 2505 425 2571; x_wconf 77' lang='lat' dir='ltr'>qnae</span> <span class='ocrx_word' id='word_1_133' title='bbox 445 2478 568 2551; x_wconf 73' lang='lat' dir='ltr'>seriore</span> <span class='ocrx_word' id='word_1_134' title='bbox 589 2491 712 2554; x_wconf 89' lang='lat' dir='ltr'>demum</span> <span class='ocrx_word' id='word_1_135' title='bbox 735 2501 878 2573; x_wconf 86' lang='lat' dir='ltr'>tempore</span> <span class='ocrx_word' id='word_1_136' title='bbox 899 2494 981 2574; x_wconf 86' lang='lat' dir='ltr'>apud</span> <span class='ocrx_word' id='word_1_137' title='bbox 1001 2515 1060 2576; x_wconf 90' lang='lat' dir='ltr'>pa·</span> <span class='ocrx_word' id='word_1_138' title='bbox 1101 2513 1105 2522; x_wconf 64' lang='lat'><strong><em>⁴</em></strong></span> 
     </span>
     <span class='ocr_line' id='line_1_20' title="bbox 140 2577 1059 2678; baseline 0.001 -17"><span class='ocrx_word' id='word_1_139' title='bbox 140 2607 205 2661; x_wconf 84' lang='lat' dir='ltr'>tres</span> <span class='ocrx_word' id='word_1_140' title='bbox 237 2577 492 2676; x_wconf 55' lang='lat' dir='ltr'>reperimus,&#39;in</span> <span class='ocrx_word' id='word_1_141' title='bbox 522 2596 622 2657; x_wconf 88' lang='lat' dir='ltr'>hocce</span> <span class='ocrx_word' id='word_1_142' title='bbox 651 2617 747 2678; x_wconf 89' lang='lat' dir='ltr'>opere</span> <span class='ocrx_word' id='word_1_143' title='bbox 772 2601 838 2678; x_wconf 90' lang='lat' dir='ltr'>jam</span> <span class='ocrx_word' id='word_1_144' title='bbox 868 2607 1059 2662; x_wconf 72' lang='lat' dir='ltr'>coacervata</span> 
     </span>
    </p>
   </div>
   <div class='ocr_carea' id='block_1_9' title="bbox 28 2701 1058 2785">
    <p class='ocr_par' dir='ltr' id='par_1_9' title="bbox 28 2701 1058 2785">
     <span class='ocr_line' id='line_1_21' title="bbox 28 2701 1058 2785; baseline -0.001 -18"><span class='ocrx_word' id='word_1_145' title='bbox 28 2761 31 2766; x_wconf 90' lang='lat'>.</span> <span class='ocrx_word' id='word_1_146' title='bbox 136 2703 342 2785; x_wconf 77' lang='lat' dir='ltr'>inveniantur.</span> <span class='ocrx_word' id='word_1_147' title='bbox 386 2703 453 2778; x_wconf 82' lang='lat' dir='ltr'>Quo</span> <span class='ocrx_word' id='word_1_148' title='bbox 483 2705 586 2762; x_wconf 89' lang='lat' dir='ltr'>autem</span> <span class='ocrx_word' id='word_1_149' title='bbox 615 2701 708 2762; x_wconf 94' lang='lat' dir='ltr'>modo</span> <span class='ocrx_word' id='word_1_150' title='bbox 732 2703 832 2765; x_wconf 87' lang='lat' dir='ltr'>hocce</span> <span class='ocrx_word' id='word_1_151' title='bbox 853 2705 923 2764; x_wconf 87' lang='lat' dir='ltr'>fieri</span> <span class='ocrx_word' id='word_1_152' title='bbox 944 2713 1058 2784; x_wconf 89' lang='lat' dir='ltr'>potue-</span> 
     </span>
    </p>
   </div>
   <div class='ocr_carea' id='block_1_10' title="bbox 129 2803 1058 3412">
    <p class='ocr_par' dir='ltr' id='par_1_10' title="bbox 129 2803 1058 3412">
     <span class='ocr_line' id='line_1_22' title="bbox 138 2803 1058 2885; baseline 0.001 -14"><span class='ocrx_word' id='word_1_153' title='bbox 138 2811 196 2884; x_wconf 89' lang='lat' dir='ltr'>rit,</span> <span class='ocrx_word' id='word_1_154' title='bbox 228 2817 331 2868; x_wconf 84' lang='lat' dir='ltr'>utrum</span> <span class='ocrx_word' id='word_1_155' title='bbox 353 2825 410 2879; x_wconf 91' lang='lat' dir='ltr'>eo,</span> <span class='ocrx_word' id='word_1_156' title='bbox 437 2803 521 2885; x_wconf 88' lang='lat' dir='ltr'>quod</span> <span class='ocrx_word' id='word_1_157' title='bbox 542 2804 837 2885; x_wconf 82' lang='lat' dir='ltr'>interpolationibus</span> <span class='ocrx_word' id='word_1_158' title='bbox 859 2809 962 2870; x_wconf 89' lang='lat' dir='ltr'>serius</span> <span class='ocrx_word' id='word_1_159' title='bbox 985 2829 1058 2872; x_wconf 87' lang='lat' dir='ltr'>cor-</span> 
     </span>
     <span class='ocr_line' id='line_1_23' title="bbox 129 2910 1058 2996; baseline 0.001 -21"><span class='ocrx_word' id='word_1_160' title='bbox 129 2910 248 2996; x_wconf 81' lang='lat' dir='ltr'>&#39;ruptua</span> <span class='ocrx_word' id='word_1_161' title='bbox 270 2912 313 2973; x_wconf 88' lang='lat' dir='ltr'>sit</span> <span class='ocrx_word' id='word_1_162' title='bbox 334 2911 429 2983; x_wconf 89' lang='lat' dir='ltr'>iiber,</span> <span class='ocrx_word' id='word_1_163' title='bbox 452 2929 490 2969; x_wconf 89' lang='lat' dir='ltr'>an</span> <span class='ocrx_word' id='word_1_164' title='bbox 512 2928 551 2970; x_wconf 91' lang='lat' dir='ltr'>eo</span> <span class='ocrx_word' id='word_1_165' title='bbox 573 2911 694 2990; x_wconf 89' lang='lat' dir='ltr'>potius,</span> <span class='ocrx_word' id='word_1_166' title='bbox 723 2912 806 2991; x_wconf 90' lang='lat' dir='ltr'>quod</span> <span class='ocrx_word' id='word_1_167' title='bbox 828 2913 962 2994; x_wconf 65' lang='lat' dir='ltr'>maigicas</span> <span class='ocrx_word' id='word_1_168' title='bbox 983 2915 1058 2976; x_wconf 82' lang='lat' dir='ltr'>ilias</span> 
     </span>
     <span class='ocr_line' id='line_1_24' title="bbox 129 3015 1058 3098; baseline 0 -19"><span class='ocrx_word' id='word_1_169' title='bbox 129 3017 242 3091; x_wconf 78' lang='lat' dir='ltr'>ideas,</span> <span class='ocrx_word' id='word_1_170' title='bbox 259 3017 429 3096; x_wconf 70' lang='lat' dir='ltr'>&#39;antequam</span> <span class='ocrx_word' id='word_1_171' title='bbox 451 3036 470 3075; x_wconf 88' lang='lat' dir='ltr'>a</span> <span class='ocrx_word' id='word_1_172' title='bbox 490 3015 630 3094; x_wconf 86' lang='lat' dir='ltr'>patribus</span> <span class='ocrx_word' id='word_1_173' title='bbox 650 3016 883 3094; x_wconf 83' lang='lat' dir='ltr'>reciperentur,</span> <span class='ocrx_word' id='word_1_174' title='bbox 901 3019 966 3098; x_wconf 92' lang='lat' dir='ltr'>jam</span> <span class='ocrx_word' id='word_1_175' title='bbox 989 3039 1058 3079; x_wconf 91' lang='lat' dir='ltr'>am-</span> 
     </span>
     <span class='ocr_line' id='line_1_25' title="bbox 137 3120 1057 3204; baseline 0.002 -21"><span class='ocrx_word' id='word_1_176' title='bbox 137 3122 254 3204; x_wconf 77' lang='lat' dir='ltr'>plexati</span> <span class='ocrx_word' id='word_1_177' title='bbox 291 3120 412 3181; x_wconf 87' lang='lat' dir='ltr'>fuerint</span> <span class='ocrx_word' id='word_1_178' title='bbox 450 3120 551 3180; x_wconf 89' lang='lat' dir='ltr'>minus</span> <span class='ocrx_word' id='word_1_179' title='bbox 594 3120 723 3195; x_wconf 87' lang='lat' dir='ltr'>eruditi,</span> <span class='ocrx_word' id='word_1_180' title='bbox 767 3120 903 3184; x_wconf 89' lang='lat' dir='ltr'>dubitari</span> <span class='ocrx_word' id='word_1_181' title='bbox 936 3128 1057 3202; x_wconf 88' lang='lat' dir='ltr'>potest.</span> 
     </span>
     <span class='ocr_line' id='line_1_26' title="bbox 137 3224 1058 3306; baseline 0.002 -18"><span class='ocrx_word' id='word_1_182' title='bbox 137 3226 259 3306; x_wconf 79' lang='lat' dir='ltr'>Magum</span> <span class='ocrx_word' id='word_1_183' title='bbox 281 3232 368 3286; x_wconf 87' lang='lat' dir='ltr'>certe</span> <span class='ocrx_word' id='word_1_184' title='bbox 397 3224 590 3285; x_wconf 88' lang='lat' dir='ltr'>auctoritatis</span> <span class='ocrx_word' id='word_1_185' title='bbox 616 3225 697 3285; x_wconf 81' lang='lat' dir='ltr'>iiber</span> <span class='ocrx_word' id='word_1_186' title='bbox 718 3232 826 3285; x_wconf 83' lang='lat' dir='ltr'>noster</span> <span class='ocrx_word' id='word_1_187' title='bbox 846 3225 946 3286; x_wconf 77' lang='lat' dir='ltr'>tuisse</span> <span class='ocrx_word' id='word_1_188' title='bbox 967 3229 1058 3290; x_wconf 82' lang='lat' dir='ltr'>uide·</span> 
     </span>
     <span class='ocr_line' id='line_1_27' title="bbox 136 3329 1056 3412; baseline 0.002 -21"><span class='ocrx_word' id='word_1_189' title='bbox 136 3340 202 3404; x_wconf 89' lang='lat' dir='ltr'>tur,</span> <span class='ocrx_word' id='word_1_190' title='bbox 229 3349 298 3392; x_wconf 88' lang='lat' dir='ltr'>nam</span> <span class='ocrx_word' id='word_1_191' title='bbox 322 3338 386 3389; x_wconf 89' lang='lat' dir='ltr'>tres</span> <span class='ocrx_word' id='word_1_192' title='bbox 410 3330 477 3410; x_wconf 84' lang='lat' dir='ltr'>ejus</span> <span class='ocrx_word' id='word_1_193' title='bbox 499 3329 699 3390; x_wconf 83' lang='lat' dir='ltr'>recensiones</span> <span class='ocrx_word' id='word_1_194' title='bbox 722 3335 863 3391; x_wconf 79' lang='lat' dir='ltr'>exstant:</span> <span class='ocrx_word' id='word_1_195' title='bbox 895 3330 1056 3412; x_wconf 79' lang='lat' dir='ltr'>Recogni-</span> 
     </span>
    </p>
   </div>
   <div class='ocr_carea' id='block_1_11' title="bbox 133 3519 1054 3773">
    <p class='ocr_par' dir='ltr' id='par_1_11' title="bbox 133 3519 1054 3773">
     <span class='ocr_line' id='line_1_28' title="bbox 172 3519 750 3595; baseline -0.002 -14"><span class='ocrx_word' id='word_1_196' title='bbox 172 3528 199 3592; x_wconf 88' lang='lat'>¹)</span> <span class='ocrx_word' id='word_1_197' title='bbox 217 3526 258 3581; x_wconf 76' lang='lat' dir='ltr'>At</span> <span class='ocrx_word' id='word_1_198' title='bbox 277 3525 370 3580; x_wconf 75' lang='lat' dir='ltr'>Autol.</span> <span class='ocrx_word' id='word_1_199' title='bbox 389 3525 440 3579; x_wconf 88' lang='lat' dir='ltr'>lib.</span> <span class='ocrx_word' id='word_1_200' title='bbox 458 3525 475 3577; x_wconf 91' lang='lat' dir='ltr'>l</span> <span class='ocrx_word' id='word_1_201' title='bbox 495 3542 555 3594; x_wconf 86' lang='lat' dir='ltr'>cup.</span> <span class='ocrx_word' id='word_1_202' title='bbox 570 3519 591 3578; x_wconf 80' lang='grc'><strong>7</strong></span> <span class='ocrx_word' id='word_1_203' title='bbox 608 3542 672 3595; x_wconf 81' lang='lat' dir='ltr'>png.</span> <span class='ocrx_word' id='word_1_204' title='bbox 689 3525 750 3582; x_wconf 79' lang='lat' dir='ltr'>ott.</span> 
     </span>
     <span class='ocr_line' id='line_1_29' title="bbox 170 3614 1054 3684; baseline 0.005 -14"><span class='ocrx_word' id='word_1_205' title='bbox 170 3619 197 3684; x_wconf 77' lang='lat'>¹)</span> <span class='ocrx_word' id='word_1_206' title='bbox 218 3618 284 3670; x_wconf 76' lang='lat' dir='ltr'>Loci</span> <span class='ocrx_word' id='word_1_207' title='bbox 308 3617 381 3671; x_wconf 79' lang='lat' dir='ltr'>laud.</span> <span class='ocrx_word' id='word_1_208' title='bbox 405 3635 437 3670; x_wconf 83' lang='lat' dir='ltr'>er</span> <span class='ocrx_word' id='word_1_209' title='bbox 460 3618 503 3670; x_wconf 88' lang='lat' dir='ltr'>ed.</span> <span class='ocrx_word' id='word_1_210' title='bbox 527 3614 628 3669; x_wconf 79' lang='lat' dir='ltr'>Clerici</span> <span class='ocrx_word' id='word_1_211' title='bbox 650 3645 684 3655; x_wconf 93' lang='grc'>--</span> <span class='ocrx_word' id='word_1_212' title='bbox 705 3619 787 3671; x_wconf 80' lang='lat' dir='ltr'>Antv.</span> <span class='ocrx_word' id='word_1_213' title='bbox 809 3635 836 3672; x_wconf 81' lang='lat' dir='ltr'>tt.</span> <span class='ocrx_word' id='word_1_214' title='bbox 853 3617 924 3673; x_wconf 71' lang='lat'>17⁰⁰</span> <span class='ocrx_word' id='word_1_215' title='bbox 949 3648 982 3661; x_wconf 93' lang='lat'><em>-</em></span> <span class='ocrx_word' id='word_1_216' title='bbox 1007 3637 1054 3675; x_wconf 82' lang='lat' dir='ltr'>ex·</span> 
     </span>
     <span class='ocr_line' id='line_1_30' title="bbox 133 3709 309 3773; baseline 0.017 -9"><span class='ocrx_word' id='word_1_217' title='bbox 133 3709 219 3773; x_wconf 78' lang='lat' dir='ltr'>carpti</span> <span class='ocrx_word' id='word_1_218' title='bbox 238 3715 309 3767; x_wconf 78' lang='lat' dir='ltr'>aunt</span> 
     </span>
    </p>
   </div>
   <div class='ocr_carea' id='block_1_12' title="bbox 0 0 1122 4184">
    <p class='ocr_par' dir='ltr' id='par_1_12' title="bbox 0 0 1122 4184">
     <span class='ocr_line' id='line_1_31' title="bbox 0 0 1122 4184; baseline 0 3"><span class='ocrx_word' id='word_1_219' title='bbox 0 0 1122 4184; x_wconf 95' lang='lat' dir='ltr'> </span> 
     </span>
    </p>
   </div>
  </div>
 </body>
</html>
